3286 4978
654 437 871 496 ,65-

201 631 262 687 qne
295 611 382 670 uxori
417 610 501 670 illius
534 609 670 668 insidiari
709 610 879 671 confitetur.
942 609 1045 686 Atque
1076 629 1135 668 vox
1170 629 1247 685 quae
1282 613 1327 670 est

203 701 382 776 „niminm“,
407 719 466 759 non
490 719 558 760 cum
576 701 667 758 verbo
688 700 816 774 „pelit“‚
842 700 892 758 sed
909 718 978 758 eum
995 699 1141 759 adienlivo
1162 700 1322 773 „incaut0“

202 789 409 867 coniungenda
442 790 487 848 est
519 788 585 866 (cfr.
610 786 697 847 ovid.
731 808 787 846 am.
813 787 862 861 II,
898 793 948 859 19,
983 791 1026 865 3).
1074 787 1213 848 Ceterum
1237 809 1327 866 quem

203 879 239 938 ad
274 880 396 938 modum
430 880 532 937 tolum
567 896 687 937 carmen
715 878 843 936 'restitui
878 879 1000 947 debeat,
1040 879 1174 938 nondum
1211 878 1326 954 liquere

202 967 341 1028 arbitror.

637 1108 663 1182 1,
690 1113 719 1182 9,
746 1097 888 1174 39-44.

292 1222 414 1302 Elegiae
436 1242 650 1284 nonae-versus
668 1229 799 1289 39—44
822 1230 859 1284 ut
882 1225 946 1285 loco
970 1243 1024 1284 suo
1048 1225 1160 1284 alienos
1171 1225 1326 1285 Baehren-

203 1312 266 1371 siun
289 1333 340 1390 pg.
367 1318 497 1378 80-85
522 1315 551 1372 in
578 1315 653 1392 eleg.
679 1313 764 1389 vm,
790 1317 858 1390 post
880 1333 957 1374 vers.
982 1314 1023 1379 26
1048 1314 1241 1374 inculcandos
1266 1333 1328 1374 esse

202 1402 330 1461 consuit.
371 1402 413 1462 At
436 1405 597 1481 repugnat,
622 1407 658 1461 ul
681 1403 796 1478 opinor,
821 1403 891 1463 huie
916 1403 1081 1462 sententiae
1113 1403 1236 1462 initium
1260 1424 1325 1463 ear-

202 1491 290 1550 minis
314 1492 422 1559 octavi,
448 1511 508 1569 quo
531 1492 648 1550 diutius
672 1511 703 1551 se
726 1493 816 1552 eelaii
839 1493 875 1551 de
899 1511 999 1551 amore
1013 1493 1145 1550 Maralhi
1165 1512 1224 1551 nen
1241 1511 1326 1568 posse

203 1579 342 1639 Tibullus
367 1584 517 1643 autumat.
566 1578 624 1649 Qui
647 1580 709 1640 lale
732 1582 805 1658 quid
828 1581 931 1656 poluit
954 1582 1121 1651 enuntiare,
1150 1582 1175 1640 si
1198 1603 1327 1657 puerum

158 1692 161 1696 ·
203 1669 264 1728 iam
286 1668 350 1743 ipse
373 1670 496 1728 domum
519 1669 630 1728 amicae
654 1671 848 1730 deduxisset?
888 1669 1016 1730 Omnino
1040 1671 1064 1730 si
1089 1672 1221 1730 earmina
1245 1675 1327 1731 oeta·
1361 1663 1363 1674 ’

203 1777 277 1817 vum
301 1761 332 1816 et
355 1777 468 1816 nonum
492 1759 594 1818 eodem
618 1777 678 1834 quo
701 1759 733 1817 in
756 1760 840 1818 libris
865 1764 985 1819 exarata
1009 1765 1090 1830 sunt,
1115 1760 1218 1819 ordine
1243 1760 1326 1819 ani-

203 1847 287 1905 bullo
319 1848 482 1922 composita
512 1847 699 1925 putamus‚1)
734 1849 833 1908 omnia
866 1849 977 1925 optime
1009 1849 1202 1909 consentiunt
1236 1853 1328 1925 alque

204 1935 341 1995 versibus
357 1935 441 2007 VIII,
460 1941 501 2000 70
518 1955 583 2012 sqq,
608 1937 645 1994 ed
661 1937 787 2014 elegiam
803 1941 953 2014 quartam,
978 1938 1115 1998 versibus
1131 1938 1184 2010 IX,
1203 1943 1243 2003 39
1260 1958 1325 2014 sqq.

205 2024 242 2082 ad
266 2028 402 2084 octavam
426 2025 567 2086 concinne
590 2029 711 2085 revocat
734 2030 832 2102 poeta.

681 2205 738 2276 III,
767 2211 794 2276 l,
820 2213 849 2268 8.

292 2319 329 2378 In
352 2320 423 2378 libri
445 2321 530 2380 tertii
554 2321 629 2398 eleg.
646 2321 671 2392 I,
697 2327 716 2385 8
741 2322 829 2381 lectio
853 2321 1000 2380 librorum
1026 2320 1139 2394 „meis“
1165 2340 1234 2379 cum
1258 2321 1326 2379 Mu·

206 2411 270 2466 reto
301 2409 332 2468 in
359 2409 459 2483 „luis“
492 2411 652 2480 mutanda,
684 2429 774 2470 versu
802 2416 839 2474 12
875 2412 977 2470 antem
1011 2410 1162 2485 scriptura
1197 2413 1323 2483 „tuum“

206 2497 360 2556 retinenda
389 2501 515 2575 totaque
543 2500 691 2558 sententia
724 2500 792 2560 inde
823 2520 840 2558 a
864 2519 893 2558 v.
920 2506 937 2563 7
963 2500 1000 2558 ad
1027 2505 1066 2562 14
1091 2500 1248 2558 Musarum
1280 2518 1327 2557 re-

206 2603 313 2660 sponso
336 2586 513 2664 assignanda
536 2588 666 2648 videtur.

205 2727 418 2737 —.

297 2795 322 2862 1)
341 2798 371 2851 id
390 2799 464 2866 qnod
482 2800 562 2853 nulla
580 2757 720 2859 rerefelli
737 2801 827 2855 video.
