3286 4978
808 472 1027 532 ..22-

353 652 438 712 ribus
462 647 603 709 disseruit
626 646 832 723 epistulasque
857 647 921 707 eius
946 670 972 707 a.
1002 654 1087 715 1374
1111 648 1146 708 ad
1172 649 1281 709 amicos
1305 650 1341 710 de
1365 650 1477 710 Catulli

354 738 562 816 Propertiique
578 735 728 796 codicibus
745 734 803 794 sibi
819 739 1016 811 procurandis
1032 740 1117 800 datas
1134 739 1325 820 0100101111).
1353 739 1476 798 Manum

354 827 559 889 correctricem
583 823 774 883 Ambrosiani
798 845 867 884 raro
891 826 923 886 in
939 829 1116 889 universum
1132 832 1324 906 apparentem
1344 829 1478 904 quinque

354 918 460 977 saltem
490 913 637 975 decenniis
669 913 865 973 recentiorem
898 935 960 976 esse
983 918 1199 993 Baehrensius,
1231 921 1267 978 ut
1290 918 1368 977 infra
1392 917 1475 977 vide-

353 1007 463 1076 bimus,
487 1022 541 1063 sue
558 1003 624 1062 iure
641 1003 803 1077 contendit,
827 1023 927 1080 neque
944 1023 977 1064 ea
994 1008 1125 1068 codicem
1141 1008 1308 1068 ullomodo
1331 1007 1474 1068 foedavit.

443 1119 584 1178 Alterum
608 1118 738 1184 codicem
763 1118 945 1178 Vaticanum
969 1120 1011 1192 V,
1044 1122 1115 1180 olim
1145 1122 1388 1199 saluimum,
1414 1124 1477 1184 Gu-

355 1212 459 1270 stavus
482 1208 588 1268 Loewe
612 1209 641 1267 et
673 1207 835 1284 Augustus
866 1207 939 1266 Mau
972 1209 1089 1268 saeculo
1113 1210 1186 1269 XIV
1218 1217 1345 1273 exeunte
1377 1215 1477 1290 potius

355 1318 444 1375 quam
475 1298 598 1357 ineunte
621 1296 678 1354 XV
709 1299 863 1356 exaratum
896 1315 957 1356 esse
991 1300 1153 1356 testantur.
1201 1299 1265 1368 Quo
1290 1305 1424 1378 tempore
1448 1305 1478 1362 et

355 1387 465 1464 quibus
489 1387 626 1446 manibus
649 1385 698 1445 hic
721 1386 761 1444 sit
785 1389 947 1458 correctus,
971 1386 1046 1444 nihil
1071 1387 1108 1445 ad
1131 1386 1240 1447 codicis
1264 1392 1477 1451 auctoritatem

240 1521 244 1532 .
354 1476 575 1554 ponderandam
598 1475 740 1548 interest,
766 1494 834 1534 cum
858 1475 954 1550 primo
979 1479 1102 1552 aspectu
1127 1479 1285 1552 appareat,
1310 1479 1477 1554 complures

354 1566 447 1626 Italos
470 1565 699 1641 interpolatores
722 1566 825 1640 postea
849 1564 913 1624 sive
937 1585 972 1624 ex
997 1566 1062 1626 aliis
1085 1565 1169 1626 libris
1192 1566 1354 1625 lectionum
1378 1567 1474 1626 varie·

355 1658 444 1729 tates,
468 1655 531 1714 sive
555 1673 609 1713 sua
632 1654 767 1730 ipsorum
792 1656 960 1714 commenta
984 1653 1215 1733 adscripsissel).

444 1770 581 1846 Denique
605 1769 877 1846 Guelferbytanum
901 1769 927 1829 G
950 1771 1152 1833 Baehrensius
1185 1771 1263 1832 circa
1298 1792 1324 1830 a.
1353 1775 1435 1836 1425
1462 1791 1477 1830 e

356 1859 454 1920 codice
485 1858 647 1919 saeculiX
681 1859 728 1918 vel
751 1859 794 1917 XI
826 1859 1010 1937 descriptum
1042 1880 1105 1922 esse
1136 1882 1172 1921 ex
1195 1862 1362 1938 scripturae
1385 1880 1478 1921 mem·

355 1950 578 2025 branarumque
610 1948 726 2008 ratione
758 1948 815 2008 sibi
847 1949 1039 2026 persuasitll.
1087 1951 1215 2026 Aliquot
1238 1950 1387 2011 decenniis
1410 1954 1479 2027 post

357 2042 411 2099 aut
426 2038 573 2097 Jovianus
589 2037 744 2097 Pontanus
766 2038 838 2115 ipse,
863 2040 916 2117 qui
939 2039 987 2098 vir
1009 2039 1116 2099 doctus
1140 2059 1166 2097 a.
1189 2044 1270 2104 1426
1297 2041 1361 2098 erat
1377 2044 1478 2112 natus,

357 2131 412 2187 aut
435 2128 548 2187 amicus
572 2127 694 2203 quidam
719 2127 782 2187 eius
798 2127 1065 2204 interpretamenta
1091 2128 1425 2202 emendatiunculasque
1450 2132 1479 2187 et

358 2218 389 2276 in
412 2220 500 2277 textu
524 2236 616 2293 supra
632 2217 723 2276 lineas
748 2219 778 2276 et
800 2218 832 2276 in
855 2219 990 2296 margine
1014 2217 1177 2290 adnotavit,
1203 2217 1275 2293 quin
1299 2217 1391 2276 etiam
1414 2215 1475 2292 pri·

358 2307 446 2366 stiriis
469 2305 648 2366 lectionibus
673 2306 764 2366 erasis
787 2325 879 2366 novas
903 2307 1014 2384 partim
1038 2308 1074 2366 de
1097 2325 1151 2366 suo
1175 2305 1284 2383 petitas
1309 2305 1419 2382 partim
1443 2325 1478 2364 ex

357 2396 482 2456 alterius
505 2395 636 2455 familiae
660 2395 759 2455 codice
783 2396 914 2471 quodam
937 2396 968 2455 in
996 2397 1095 2472 ipsum
1118 2398 1279 2456 verborum
1304 2397 1477 2456 contextum

357 2485 495 2558 inseruit,
521 2504 599 2561 quae
622 2488 724 2544 tamen
747 2504 848 2545 omnes
871 2483 958 2546 facile
981 2485 1188 2546 dinoscuntur.

446 2599 509 2660 Hos
532 2599 695 2660 Baehrensi
720 2600 835 2661 codices
859 2621 928 2662 cum
953 2604 1164 2672 exorerentur,
1188 2601 1335 2661 Italorum
1359 2600 1479 2661 temeri·

356 2693 451 2751 tatem
482 2689 736 2766 interpolatricem
769 2692 902 2751 nondum
926 2695 1061 2768 expertos
1085 2710 1157 2763 esse,
1181 2691 1250 2752 inde
1274 2692 1385 2768 optime
1409 2707 1478 2767 cog-

358 2780 501 2854 noscitur,
527 2779 607 2856 quod
631 2779 657 2839 ei
681 2779 737 2840 soli
761 2801 796 2840 ex
826 2785 912 2841 tanto
945 2781 1080 2842 codicum
1104 2800 1238 2852 numero,
1264 2781 1317 2857 qui
1340 2780 1479 2839 adhuoa

357 2869 431 2929 viris
455 2869 549 2928 doctis
573 2869 689 2930 excussi
712 2872 801 2942 sunt,
834 2890 883 2931 eas
906 2873 1028 2932 lacunas
1061 2891 1138 2948 quae
1165 2871 1196 2929 in
1219 2868 1402 2929 Lachmanni
1431 2885 1478 2925 oo-

359 2958 475 3019 dicibus
506 2959 564 3017 alio
595 2957 661 3018 aliis
692 2959 830 3019 versibus
853 2960 970 3021 ficticiis
994 2962 1067 3020 sunt
1091 2960 1233 3035 expletae,
1258 2957 1387 3018 intactas
1410 2973 1479 3031 pro-

359 3050 521 3126 pagarunt.

449 3163 524 3224 (lum
547 3164 679 3223 enimin
702 3163 801 3225 codice
825 3166 986 3240 archetypo
1009 3165 1077 3240 post
1093 3180 1213 3222 versum
1235 3162 1260 3236 I,
1287 3168 1316 3232 2,
1342 3166 1382 3225 25
1406 3178 1479 3235 pen-

359 3256 487 3314 tameter
504 3253 655 3328 exciderit,
680 3253 875 3314 Eboracensis
897 3252 1126 3330 suppositicium
1147 3270 1267 3311 versum
1290 3254 1327 3311 ab
1342 3249 1480 3309 iohanne

361 3343 493 3420 Aurispa
524 3344 722 3420 compositum
757 3344 798 3421 (id
823 3343 904 3420 quod
934 3344 1024 3403 codex
1047 3341 1211 3401 Vaticanus
1241 3343 1482 3405 acclamatur

453 3588 479 3658 1)
499 3591 540 3646 Dc
559 3591 668 3647 Oolutio
683 3590 822 3659 (Coluceio
841 3595 870 3648 di
881 3594 962 3649 Piero
973 3587 1014 3647 de'
1026 3588 1160 3658 Salutati)
1170 3592 1215 3646 vd.
1226 3610 1336 3662 quoque
1346 3593 1377 3647 G.
1386 3591 1481 3662 Voigt,

292 3716 297 3729 ,
362 3664 414 3720 Die
431 3663 675 3734 wiederbelebung
701 3665 750 3720 des
769 3666 937 3720 classischen
962 3664 1129 3719 alterthums
1157 3663 1224 3718 oder
1248 3665 1298 3719 das
1317 3668 1390 3720 erste
1405 3664 1482 3734 jahr-

362 3736 484 3791 hundert
503 3736 550 3790 des
569 3735 761 3790 humanismus
780 3736 812 3802 I',
831 3756 877 3808 pg.
899 3735 950 3788 194
968 3753 1028 3804 sqq.

451 3850 479 3919 2)
500 3852 599 3907 Confer
617 3853 768 3909 Baehrensi
788 3853 829 3908 ad.
850 3853 910 3908 Tib.
930 3854 999 3923 prol.
1019 3871 1066 3924 pg.
1086 3853 1147 3907 Vll.

453 3965 481 4036 3)
501 3968 601 4024 Confer
627 3968 779 4024 Baehrensi
809 3969 878 4052 prol.
906 3987 952 4040 pg.
972 3969 1006 4024 X.
1049 3967 1090 4023 De
1118 3967 1317 4023 recentioribus
1343 3965 1483 4022 codicibus

364 4041 466 4096 litteris
486 4040 692 4111 langobardicis
711 4043 832 4095 exaratis
851 4039 915 4095 vide
935 4058 1006 4109 quae
1024 4041 1056 4096 G.
1068 4040 1163 4110 Voigt,
1181 4040 1200 4094 1.
1220 4057 1242 4094 0.
1258 4034 1283 4092 1²
1322 4056 1348 4107 g.
1360 4036 1410 4089 401
1423 4053 1483 4104 sqq.

364 4114 399 4168 de
419 4112 519 4184 Poggii
545 4115 573 4168 et
591 4112 684 4168 Nicoli
713 4112 831 4178 ,litteris
850 4112 990 4181 antiqnin‘
1012 4112 1150 4167 disseruit.
1188 4111 1286 4191 Erunt·
1299 4057 1417 4162 linitasse
1436 4107 1485 4189 qui

366 4203 399 4240 ex
417 4187 515 4242 horum
540 4183 661 4240 viromm
685 4185 830 4238 doctorum
848 4184 960 4240 officina
983 4188 1016 4240 ut
1041 4185 1083 4240 ita
1102 4184 1207 4248 dicam,
1227 4181 1350 4236 codicem
1369 4178 1391 4233 G
1412 4179 1485 4234 01111-

366 4259 476 4313 trentur
493 4257 657 4340 profectum,
677 4255 777 4326 quibus
795 4273 831 4312 ne
850 4257 1043 4326 assentiamur,
1063 4255 1170 4314 lacunis
1189 4253 1228 4310 eis
1248 4251 1282 4308 de
1302 4251 1402 4324 quibus
1420 4266 1485 4309 mox

366 4327 580 4399 disputabimus,
599 4328 774 4403 impedimur.
