3286 4978
600 346 817 414 ..40-

155 529 214 602 ΙΠ,
240 534 270 601 6,
285 534 344 593 44:
369 547 473 588 cavere
497 529 566 588 Par.
591 529 667 589 Fris.
692 529 716 587 F
743 564 780 574 —
807 549 907 590 carere
930 527 965 588 Ο.

159 646 215 719 IV,
244 651 271 719 l,
286 649 347 709 39:
372 645 515 706 castrisve
537 645 606 704 Par.
633 680 673 690 —
699 645 827 705 cartisve
851 643 885 704 0.

242 732 1118 810 1,8710.;111...01Ρο1.-111....01Ο.’

242 831 269 896 1,
284 828 344 887 96:
370 824 479 884 Veniat
503 824 612 902 gravis
636 824 704 883 Par.
730 825 754 882 F
780 857 821 867 —
846 824 967 902 grandis
991 824 1074 883 venit
1098 822 1132 884 0.

242 920 269 987 1,
285 917 345 978 98:
370 914 492 974 veniant
514 914 583 972 Par.
612 949 648 956 ——
676 914 796 974 venient
819 912 854 974 Ο.

243 1010 269 1076 1,
287 1007 365 1067 102:
389 1007 426 1062 ut
448 1003 516 1061 Par.
541 1003 566 1062 F
592 1039 632 1048 -
656 1003 687 1062 in
711 1001 745 1062 0.

242 1096 368 1160 1‚104:
393 1091 505 1152 Dexter
527 1092 574 1151 uti
597 1092 665 1151 Par.
691 1093 715 1150 F
746 1129 776 1136 -
805 1092 1056 1170 Dexteraqueut
1079 1090 1147 1168 0.¹)

238 1262 303 1321 Hae
335 1262 477 1322 lectiones
505 1263 636 1338 optimae
670 1263 750 1322 unde
782 1263 932 1338 profectae
964 1263 1039 1334 sint,
1075 1282 1155 1321 nuuc
1184 1261 1270 1321 nobis

149 1352 354 1430 quaerendum
379 1355 432 1410 est.
481 1351 707 1412 (lensensionem
730 1353 830 1426 illam,
857 1372 948 1428 quam
972 1352 1176 1428 compluribus
1199 1352 1271 1411 locis

148 1462 242 1519 supra
273 1441 374 1500 allatis
404 1440 473 1516 (III,
500 1446 533 1514 60
555 1447 606 1504 44.
639 1441 692 1511 IV,
723 1448 748 1512 l,
775 1446 826 1506 96.
857 1445 926 1506 102.
956 1444 1030 1517 104)
1064 1442 1094 1499 in
1126 1441 1271 1517 excerptis

150 1551 218 1592 cum
242 1531 412 1608 fragmento
436 1529 597 1590 Cuiacieno
621 1531 884 1605 deprehendimus
917 1551 978 1607 qua
1009 1534 1112 1591 contra
1136 1530 1271 1590 codicum

149 1622 338 1697 integrorum
368 1620 574 1679 testimonium
606 1621 774 1697 singulares
805 1621 970 1695 scripturas
1004 1639 1113 1696 easque
1145 1639 1211 1690 non,
1228 1619 1271 1678 ita

152 1709 288 1783 paullum
319 1730 336 1768 a
368 1709 474 1768 ceteris
505 1709 706 1786 discrepantes
737 1710 816 1768 tradi
853 1710 1008 1782 videmus,
1041 1709 1119 1768 forte
1149 1709 1272 1768 fortuna

153 1797 297 1873 ingeniosi
328 1797 457 1858 hominis
488 1798 666 1858 coniecturis
699 1799 835 1858 effectam
867 1817 946 1872 esse,
979 1798 1057 1859 credi
1087 1798 1138 1858 vix
1161 1800 1270 1874 potest.

155 1885 347 1960 Reliquarum
372 1887 449 1946 enim
472 1888 718 1947 immutationum
733 1889 812 1947 ratio
829 1891 865 1948 ab
883 1891 1054 1965 excerptore
1070 1887 1272 1964 prosectarum

84 2020 87 2024 Α
155 1974 244 2050 longe
275 1977 311 2034 ab
341 1976 386 2035 his
419 1975 477 2048 IV,
506 1983 537 2050 1,
564 1982 604 2046 96
637 1981 666 2037 01
701 1983 762 2041 104
793 1978 952 2053 discrepat.
1011 1977 1141 2036 Videtur
1174 1976 1272 2055 igitur

155 2062 180 2121 is
213 2063 262 2137 qui
296 2065 412 2142 eclogas
452 2066 573 2142 gallicas
613 2067 739 2130 confecit
772 2067 835 2126 sive
864 2067 935 2124 libri
967 2066 1123 2142 archetypi
1157 2085 1271 2126 correc-

152 2157 201 2210 tor
237 2154 345 2228 passim
382 2155 511 2214 codicem
553 2154 765 2230 Ouiacianum‚
806 2156 933 2216 fortasse
973 2176 1006 2216 eo
1039 2159 1172 2232 tempore
1211 2174 1272 2232 quo

151 2241 283 2300 nondum
315 2248 379 2302 erat
410 2245 627 2315 detruncatus,
660 2246 822 2322 inspexisse
852 2248 943 2321 atque
977 2245 1014 2304 ad
1047 2248 1186 2321 excerpta
1200 2257 1203 2264 '
1218 2263 1272 2304 sua

151 2331 332 2390 emendanda
367 2334 545 2394 adhibuisse.
604 2333 690 2394 Certe
734 2335 855 2411 quidem
889 2335 1011 2411 aliquod
1045 2333 1271 2394 necessitudinis

152 2439 245 2496 genus
276 2421 355 2480 inter
385 2422 566 2500 florilegium
589 2423 758 2482 Parisinum
793 2426 823 2483 et
846 2422 1050 2502 fragmentum
1079 2423 1155 2483 illud
1178 2423 1272 2483 iuter-

150 2509 238 2569 cedit.
279 2507 345 2579 Qua
368 2511 403 2569 de
427 2530 516 2571 causa
532 2513 629 2572 nescio
654 2532 690 2570 an
715 2513 804 2572 etiem
829 2515 996 2572 ceterarum
1019 2515 1167 2573 bonarum
1190 2513 1273 2571 flori·

150 2598 222 2674 legii
244 2599 407 2658 lactionum
431 2601 541 2675 partim
565 2621 600 2660 ex
623 2602 677 2661 hac
701 2603 873 2660 membrana
889 2603 1003 2678 optima
1018 2601 1169 2678 profectae
1193 2602 1271 2673 sint3

151 2688 201 2746 sed
225 2688 300 2746 certi
322 2689 359 2747 de
381 2689 435 2747 hac
460 2709 490 2748 re
513 2689 590 2748 nihil
617 2692 716 2766 potest
740 2691 814 2750 erui.
861 2689 1097 2767 Aequiescamus
1120 2691 1217 2770 igitur
1240 2692 1272 2750 iu

150 2777 196 2836 his
230 2777 388 2852 scripturis
417 2777 621 2838 Parisinorum
652 2779 739 2854 quasi
769 2779 799 2837 in
830 2780 915 2839 bonis
948 2781 1082 2840 virorum
1115 2780 1272 2840 doctorum

151 2866 338 2929 coniecturis.

240 2988 387 3060 Quoniam
409 2989 571 3066 utriusque
594 2990 724 3049 familiae
747 2992 928 3070 progeniem,
953 2995 984 3051 01
1007 2993 1121 3054 codices
1142 2994 1271 3054 Ambro-

150 3079 269 3138 sianum
285 3079 525 3156 Vaticanumque
543 3083 572 3140 et
587 3080 768 3158 florilegium
785 3081 928 3159 gallicum
944 3082 1117 3159 librumque
1133 3082 1272 3143 Guelfer-

150 3169 300 3242 bytanum
322 3169 588 3244 perlustravimu8‚
613 3170 668 3229 hoc
692 3171 874 3230 constituere
897 3190 1048 3243 conemur,
1073 3192 1134 3248 qua
1156 3173 1272 3233 ratione

150 3256 197 3314 his
220 3258 263 3314 rei
295 3258 417 3319 criticae
441 3259 581 3329 subsidiis
612 3259 643 3316 in
667 3258 779 3318 Tibulli
811 3260 1016 3319 emendatione
1049 3261 1196 3321 utendum
1220 3262 1270 3322 sit.

152 3343 271 3405 Ceteros
303 3348 380 3406 enim
415 3346 528 3406 codices
562 3347 695 3424 integros
724 3349 753 3405 in
782 3349 850 3407 crisi
883 3348 1049 3409 factitando
1072 3352 1271 3430 neglegendos

152 3452 214 3493 esse
237 3436 372 3495 docuisse
395 3436 468 3495 mihi
492 3436 604 3497 videor.

242 3699 267 3766 1)
285 3702 358 3757 Vide
377 3707 498 3770 quantus
517 3704 668 3760 lectionum
686 3722 816 3760 numerus
836 3706 1007 3761 Rothsteinii
1025 3707 1059 3761 dc
1078 3706 1180 3762 codicis
1199 3707 1222 3762 G
1242 3712 1271 3763 et

150 3772 281 3842 florilegii
304 3775 509 3830 necessitudine
534 3777 704 3842 sententiae,
733 3795 818 3846 quem
841 3796 925 3848 supra
943 3797 990 3848 pg.
1010 3778 1059 3843 46,
1088 3779 1151 3833 adn.
1180 3780 1270 3834 lme-

151 3844 333 3909 moravimus,
359 3850 498 3916 repugnet
521 3864 687 3916 prorsusque
708 3845 774 3902 'eam
793 3850 920 3918 repellat.
959 3849 1011 3914 Qui
1036 3848 1110 3903 enim
1129 3867 1162 3904 ex
1182 3868 1270 3906 exem·

151 3913 224 3984 plari
251 3915 315 3979 1110,
350 3917 423 3984 quod
457 3917 648 3971 Rothstcinius
677 3937 692 3974 e
720 3920 853 3974 Parisinis
885 3925 1039 3975 correctum
1065 3921 1151 3976 fuisse
1179 3921 1270 3991 fingit,

150 3985 280 4039 librarius
299 3988 449 4056 scripturas
468 3989 519 4043 has
537 3990 709 4060 perpaulum
722 4009 739 4044 a
757 3992 897 4046 codicibus
917 3993 967 4046 AV
987 3992 1176 4061 discrepantes
1194 3993 1270 4047 ideo·

151 4075 213 4126 quc,
232 4061 265 4112 ut
283 4058 460 4113 Rothsteinio
485 4060 610 4124 videtur,
629 4060 704 4115 inter
726 4062 815 4118 lineas
842 4065 887 4118 vel
906 4064 936 4116 in
961 4064 1021 4133 ipso
1040 4066 1120 4118 textu
1139 4068 1268 4118 exaratas

150 4146 244 4184 omnes
263 4130 357 4200 potuit
379 4148 435 4184 non
453 4131 590 4201 recipere,
610 4149 674 4185 curn
693 4133 825 4188 lectiones
849 4134 977 4200 „imbre“‚
997 4135 1073 4200 „Nec
1094 4135 1268 4204 quisquam“,

150 4201 220 4254 alias
239 4201 269 4255 in
288 4202 415 4272 margine
434 4203 570 4274 ascriptas
589 4207 762 4258 assumeret?

1092 4294 1110 4346 4
