3286 4978
263 1549 355 1609 Extat
377 1550 408 1607 in
432 1547 613 1608 bibliotheca
636 1545 844 1606 universitatis
860 1545 1043 1605 Monacensis
1064 1547 1156 1605 codex
1171 1547 1295 1622 quidam

175 1642 430 1711 membranaceus,
443 1637 555 1695 formae
571 1637 728 1714 oblongae,
745 1635 862 1696 saeculo
883 1638 919 1693 ut
935 1636 1057 1695 videtur
1072 1636 1127 1694 XV
1143 1640 1294 1711 exaratus

176 1729 230 1803 qui
261 1730 380 1803 praeter
402 1726 552 1802 Propertii
583 1725 775 1785 monobiblon
799 1724 998 1800 Sapphusque
1030 1725 1186 1800 epistolam
1218 1747 1295 1802 quae

176 1816 277 1875 Ovidii
292 1816 411 1876 nomine
426 1816 646 1888 circumfertur,
671 1815 803 1874 carmina
819 1833 940 1889 quoque
956 1815 1089 1874 continet
1105 1815 1293 1888 Tibulliana;

175 1909 220 1964 est
235 1905 328 1965 nitide
351 1906 491 1982 scriptus,
515 1905 615 1964 titulis
639 1905 887 1982 argumentisque
910 1904 1099 1981 singulorum
1122 1909 1295 1980 poematum

176 1995 399 2054 arubricatore
421 1996 599 2064 instructus,
623 1994 821 2052 multifariam
846 1993 930 2052 etin
953 1994 1017 2068 ipso
1041 1996 1202 2053 verborum
1225 2014 1295 2054 con-

175 2087 262 2144 textu
285 2085 368 2143 etin
392 2085 527 2162 margine
550 2083 730 2160 paginarum
754 2083 960 2158 compluribus
977 2083 1115 2142 manibus
1132 2087 1292 2144 correctus

262 2174 376 2234 Tibulli
411 2175 523 2253 elegiae
558 2192 741 2249 quamquam
775 2173 806 2230 in
841 2173 958 2231 eosdem
992 2172 1109 2232 libellos
1141 2177 1232 2248 atque
1262 2174 1295 2232 in

174 2264 279 2323 ceteris
302 2265 454 2324 codicibus
476 2263 693 2323 recentioribus
717 2262 914 2335 distributae,
938 2266 1039 2320 tamen
1063 2263 1212 2321 continuis
1236 2283 1293 2321 nu·

173 2353 262 2412 meris
278 2354 415 2432 singulae
431 2353 590 2432 insignitae
607 2355 678 2410 sunt
689 2352 734 2410 ita
749 2355 785 2410 ut
797 2356 981 2427 postremum
993 2352 1154 2410 voluminis
1166 2372 1294 2428 carmen,

175 2443 256 2517 quod
282 2444 377 2520 vulgo
399 2443 453 2517 IV,
482 2449 521 2506 14
551 2441 745 2513 inscribitur,
778 2443 858 2500 hunc
889 2461 960 2517 prae
991 2461 1021 2500 se
1050 2441 1128 2500 ferat
1148 2442 1293 2501 titulum:

175 2531 279 2608 Elegia
294 2533 450 2604 XXXVII,
474 2533 511 2591 de
526 2531 649 2590 infamia
664 2550 736 2590 suae
759 2531 879 2606 puellae
902 2531 1087 2590 tetrasticon.
1125 2531 1199 2590 Post
1215 2533 1295 2607 quod

175 2639 293 2679 carmen
319 2625 475 2680 exaratum
510 2625 555 2680 est
583 2619 799 2696 ,Epitaphium
822 2619 923 2679 Ovidii
954 2621 985 2678 in
1009 2620 1198 2692 Tibullum“,
1222 2624 1242 2685 i.
1268 2641 1293 2680 e.

174 2709 300 2767 Domitii
313 2711 404 2769 Marsi
429 2711 622 2788 epigramma,
648 2713 678 2768 et
704 2709 836 2783 ,Tibulli
852 2712 957 2784 poetae
980 2710 1077 2779 vita“,
1103 2710 1211 2769 desunt
1234 2711 1294 2770 duo

174 2799 227 2857 illa
250 2799 378 2875 Priapea
402 2820 480 2875 quae
503 2799 634 2876 Scaliger
659 2819 694 2858 ex
718 2798 830 2857 (luiacii
852 2798 1021 2876 fragmento
1044 2799 1225 2859 carminibus
1243 2799 1297 2857 Ta>

174 2889 315 2948 bullianis
341 2890 457 2950 adiecit.
505 2888 595 2947 Hunc
628 2888 740 2947 librum
763 2889 968 2948 Monacensem
1001 2908 1069 2947 cum
1097 2907 1184 2948 nemo
1207 2894 1295 2948 antea

175 2978 369 3051 excussisset,
402 2979 540 3054 equidem
563 2978 595 3035 in
618 2980 705 3036 tanta
727 2980 875 3037 bonorum
898 2977 1013 3037 Tibulli
1036 2978 1170 3037 codicum
1192 2979 1295 3054 inopia

174 3068 403 3127 examinandum
426 3069 554 3143 suscepi,
579 3068 630 3126 sed
653 3087 721 3126 mox
745 3068 930 3126 accuratiore
953 3068 1115 3127 lectionum
1138 3087 1292 3144 compara-

173 3157 264 3229 tione,
290 3178 473 3234 quamquam
497 3158 594 3215 multa
617 3157 674 3216 sibi
697 3158 789 3217 habet
812 3157 942 3233 propria,
966 3160 1066 3215 tamen
1090 3158 1121 3215 iu
1148 3158 1295 3232 poematis

173 3246 353 3306 Tibullianis
369 3247 563 3306 restituendis
579 3247 698 3305 nullum
714 3248 950 3306 emolumentum
966 3267 1002 3306 ex
1018 3266 1052 3306 eo
1072 3265 1158 3322 posse
1181 3247 1294 3323 sperari

173 3335 315 3410 intellexi,
340 3338 452 3413 quippe
475 3337 538 3412 qui.
552 3337 581 3396 et
606 3336 789 3413 gravissimis
812 3336 928 3395 librarii
952 3337 1103 3396 erroribus
1126 3339 1240 3396 scateat
1264 3341 1294 3396 et

173 3425 300 3484 maxime
324 3427 457 3484 omnium
481 3425 636 3484 hominum
659 3427 816 3484 doctorum
839 3426 950 3485 saeculi
974 3425 1030 3483 XV
1053 3426 1227 3486 commentis
1251 3426 1293 3484 sit

173 3513 360 3588 inquinatus.

264 3601 321 3661 Sed
344 3605 585 3680 quandoquidem
607 3604 638 3663 in
662 3605 737 3664 hane
761 3605 797 3663 de
821 3603 972 3664 codicibus
994 3603 1173 3663 Tibullianis
1198 3623 1292 3679 quae·

173 3691 299 3751 stionem
329 3693 507 3767 incideram,
540 3715 608 3754 cum
638 3694 872 3754 recentissimam
897 3693 980 3753 Albii
1013 3693 1172 3752 editionem
1203 3693 1292 3769 plane

173 3781 259 3840 novis
291 3782 334 3840 rei
365 3783 486 3843 criticae
516 3784 657 3844 subsidiis
688 3784 853 3843 confectam
882 3783 987 3841 multis
1018 3783 1090 3842 locis
1114 3783 1291 3860 gravissime

172 3891 190 3927 a
204 3870 445 3932 Lachmanniana
461 3873 593 3933 viderem
613 3873 791 3949 discrepare,
813 3873 984 3932 accuratius
999 3872 1161 3947 utriusque
1184 3872 1292 3931 funda-

172 3965 273 4020 menta
289 3962 458 4020 examinare
475 3967 567 4037 atque
583 3981 754 4039 comparare
770 3963 923 4034 constitui,
948 3965 984 4020 ut
1000 3963 1099 4036 quoad
1116 3962 1179 4020 eius
1195 3963 1291 4022 facere

172 4069 312 4124 possem,
340 4051 428 4110 certis
461 4052 647 4129 argumentis
680 4053 888 4122 diiudicarem‚
913 4053 1018 4110 utrum
1041 4053 1121 4110 recte
1145 4051 1292 4110 Aemilius

172 4138 370 4199 Baehrensius
402 4141 431 4198 in
464 4142 594 4199 editione
624 4159 679 4199 sua
703 4141 868 4218 elegiarum
892 4142 928 4200 de
952 4140 1087 4198 codicum
1110 4141 1292 4199 auctoritate

172 4231 338 4300 censuerit,
371 4251 408 4288 an
440 4231 527 4290 hodie
551 4249 671 4305 quoque
701 4231 732 4287 in
757 4231 938 4291 carminibus
961 4229 1074 4289 Tibulli
1098 4230 1291 4290 restituendis
1337 4270 1342 4286 1

172 4316 272 4376 Caroli
303 4319 488 4379 Lachmanni
523 4320 724 4379 instrumento
757 4320 860 4379 critico
895 4319 952 4377 niti
985 4319 1164 4391 debeamus,
1200 4339 1290 4395 quam

1117 4426 1129 4477 1
