3286 4978
804 518 844 528 ...
893 489 1023 553 36...

350 659 429 723 ratio
451 661 483 722 in
506 661 611 724 oeterIs
636 680 757 739 quoqne
782 666 886 746 elegiis
909 667 1078 730 intercedit.
1114 669 1194 729 Nam
1215 671 1318 733 nullus
1342 671 1405 734 fere
1429 676 1474 735 est

351 753 444 826 locus,
468 755 505 812 ut
527 753 587 811 iam
610 754 840 829 supradictum
864 761 919 833 est,
944 759 1107 834 paululum
1122 759 1280 832 difficilior,
1306 782 1397 838 quem
1413 783 1473 824 non

350 841 529 916 conjecturis
553 841 660 901 codicis
683 839 885 908 A¹1ibrarius
908 850 1103 926 temptaverit
1127 853 1181 910 aut
1196 852 1369 912 commentis
1384 871 1473 929 saepe

349 931 543 1006 ineptissimis
558 931 777 1008 depravaverit.
802 936 936 997 Afferam
953 957 1049 1013 pauca
1065 939 1154 1000 haec:
1176 939 1201 1013 Ι,
1215 947 1244 1015 2,
1258 946 1295 1005 3:
1313 961 1414 1002 amans
1431 977 1469 987 -

349 1039 431 1079 amor
454 1017 526 1096 0¹).
562 1019 588 1094 I,
603 1026 632 1095 2,
649 1026 688 1088 56
701 1026 787 1100 (54):
813 1027 1150 1104 exspue-despueO.
1182 1029 1208 1104 Ι,
1227 1036 1256 1102 3,
1275 1035 1334 1096 26:
1366 1050 1471 1092 succu-

348 1108 449 1168 buisse
467 1143 508 1153 -
527 1111 699 1172 secubuisse
714 1111 749 1174 Ο.
783 1113 808 1188 Ι,
834 1121 863 1185 4,
890 1119 950 1183 22ς
975 1115 1053 1176 freta
1076 1117 1175 1194 longa,
1201 1139 1293 1194 quam
1316 1122 1472 1182 lectionem

348 1197 548 1258 Baehrensius
571 1198 602 1258 in
626 1201 817 1262 adnotatione
840 1223 891 1280 pg.
918 1202 1023 1260 XVIII
1046 1204 1185 1264 editionis
1208 1225 1281 1267 suae
1304 1231 1386 1271 mera
1409 1211 1472 1271 sive

348 1288 539 1366 neglegentia
570 1290 632 1348 sive
667 1290 897 1367 interpolatione
928 1294 1061 1350 exortam
1097 1310 1159 1351 esse
1194 1298 1276 1354 recte
1309 1302 1470 1371 contendit,

349 1396 416 1436 oum
433 1378 535 1438 eadem
550 1378 581 1436 in
598 1379 708 1456 pagina
724 1379 834 1438 mirum
849 1380 880 1438 in
899 1381 1021 1440 modum
1037 1381 1106 1440 inde
1128 1381 1210 1456 quod
1233 1387 1339 1444 auctor
1362 1388 1470 1447 florum

349 1467 566 1527 auctoritatum
589 1467 781 1544 moralium²)
805 1487 927 1528 versum
950 1469 1039 1529 illum
1061 1469 1189 1550 tradidit
1211 1470 1273 1530 ita:

561 1574 652 1633 Irrita
674 1595 728 1668 per
750 1579 845 1636 terras
870 1580 900 1638 et
922 1577 1013 1656 longa
1036 1577 1115 1638 freta
1137 1577 1249 1651 lerunt,

348 1679 504 1751 coniceret,
528 1700 652 1756 pravam
675 1682 751 1742 hanc
773 1683 932 1744 lectionem
958 1685 1069 1764 „longa
1091 1684 1201 1756 freta“,
1226 1685 1315 1744 etiam
1332 1705 1349 1743 a
1364 1703 1467 1744 versus

348 1773 444 1828 metro
477 1770 686 1832 abhorrentem
719 1792 753 1831 ex
782 1773 889 1833 codicis
913 1773 1146 1851 Guelferbytani
1170 1775 1278 1850 stirpe,
1312 1794 1388 1850 quae
1419 1794 1468 1833 ex-

348 1859 464 1918 hiberet
490 1859 574 1933 „loca
597 1866 733 1920 summa“
761 1881 824 1922 esse
848 1862 1023 1939 profectam.
1062 1863 1119 1923 Sed
1143 1883 1230 1923 nemo
1254 1864 1359 1940 opinor
1381 1864 1470 1922 dubi-

347 1948 442 2020 tabit,
479 1949 553 2024 quin
587 1949 738 2026 scriptura
773 1951 882 2012 florum
913 1955 993 2012 auct.
1029 1971 1104 2010 mor.
1142 1973 1157 2012 e
1190 1953 1370 2030 glossemate
1404 1953 1471 2013 voci

350 2042 505 2112 „summa“
541 2040 745 2122 superscripto
775 2041 930 2118 irrepserit
959 2045 989 2101 et
1011 2040 1088 2099 falsa
1110 2041 1268 2100 metathesi
1292 2061 1383 2115 quam
1406 2061 1471 2102 sae-

346 2125 467 2202 pissime
490 2126 520 2184 in
545 2127 660 2188 Tibulli
683 2131 835 2190 codicibus
858 2129 1075 2206 deprehendere
1099 2147 1268 2205 possumus,
1293 2133 1396 2189 exorta
1420 2131 1468 2194 sit.

347 2214 499 2275 Glossema
524 2220 626 2277 autem
649 2219 726 2279 illud
753 2220 879 2298 „longa“
906 2219 974 2279 inde
990 2219 1078 2278 duxit
1093 2219 1248 2296 originem,
1274 2218 1354 2292 quod
1369 2239 1469 2296 gram-

346 2305 475 2364 maticus
499 2307 622 2382 quidam
645 2309 735 2366 medii
759 2309 827 2368 aevi
849 2309 957 2367 melius
987 2328 1040 2384 per
1070 2309 1162 2384 longa
1185 2307 1279 2366 maria
1303 2327 1394 2383 quam
1417 2327 1471 2384 per

347 2393 533 2470 superficiem
548 2397 679 2455 marium
694 2397 819 2457 Veneris
835 2397 967 2473 periuria
983 2397 1055 2457 ferri
1079 2397 1193 2456 dietum
1217 2415 1279 2456 esse
1303 2396 1469 2455 arbitratus

251 2521 252 2524 =
347 2487 402 2542 est.
459 2483 597 2560 Itemque
630 2484 859 2564 Guelferbytani
891 2487 979 2547 lectio
1012 2486 1081 2546 inde
1121 2489 1188 2545 orta
1219 2486 1357 2557 videtur,
1390 2486 1470 2561 quod

347 2573 544 2651 grammatico
561 2575 725 2636 nesciocui
749 2577 899 2653 scriptura
925 2577 1009 2652 „loca
1025 2580 1161 2635 summa“
1190 2577 1276 2652 (aber
1293 2575 1351 2634 elle
1366 2576 1470 2652 berge)

346 2662 442 2740 magis
466 2682 557 2738 quam
580 2663 633 2724 illa
656 2665 814 2727 intellectu
837 2666 941 2743 paullo
964 2665 1115 2726 diffieilior
1142 2685 1214 2741 „per
1237 2665 1316 2725 freta
1331 2667 1468 2723 summa“

347 2752 495 2827 placebat.
520 2753 545 2824 I,
565 2759 595 2824 4,
614 2759 656 2818 50
672 2753 708 2814 Α1
725 2756 894 2817 exhibuisse
906 2755 1043 2815 videtur:
1060 2756 1193 2815 humeris
1204 2772 1295 2833 neges
1307 2789 1341 2798 -
1352 2753 1471 2812 humeri

347 2844 457 2919 negent
480 2840 514 2900 Ο.
549 2841 573 2912 Ι,
593 2847 622 2916 6,
642 2849 702 2908 50:
728 2845 844 2904 invitus
868 2845 957 2921 (mira
980 2845 1224 2921 interpolatione)
1241 2879 1274 2887 -
1292 2847 1418 2902 eventus
1434 2841 1469 2901 0.

347 2929 371 3001 Ι,
398 2934 427 3000 9,
454 2934 512 2994 60:
539 2934 743 3008 quam-vel
767 2932 802 2993 Ο.
841 2934 865 3008 Ι,
892 2939 922 3004 8,
949 2940 1004 2997 51:
1030 2932 1320 2993 rustica-sontica
1344 2929 1470 3004 GFris,

347 3019 462 3078 sentica
486 3019 517 3094 (1,
542 3022 654 3080 sentite
676 3021 713 3080 Y.
746 3022 909 3097 11,1,17:
934 3023 1080 3082 formosos
1101 3021 1287 3080 -fumosos
1311 3018 1346 3079 Ο.
1378 3018 1420 3089 ΙΙ,
1439 3025 1469 3091 3,

346 3112 405 3171 42:
429 3110 526 3168 multo
550 3109 736 3171 innumeram
760 3110 865 3190 iugero
885 3145 919 3156 -
940 3130 1042 3175 ovem:
1068 3111 1163 3168 multa
1177 3109 1336 3169 innumera
1363 3109 1470 3185 iugera

351 3216 461 3257 —ove
485 3197 519 3257 Ο.
553 3199 594 3272 ΙΙ,
620 3206 650 3269 4,
677 3206 736 3265 23:
770 3200 854 3260 donis
875 3199 1007 3259 -fanis
1031 3198 1066 3263 0.
1106 3199 1146 3270 ΙΙ,
1174 3205 1202 3270 5,
1229 3203 1288 3262 68;
1323 3199 1470 3276 grataque

347 3287 426 3362 quod
450 3287 626 3347 monuit-
644 3294 731 3367 grata
755 3291 834 3366 quod
859 3289 1015 3349 admonuit
1038 3287 1072 3347 Ο.
1105 3287 1146 3356 ΙΙ,
1165 3294 1193 3361 5,
1213 3293 1270 3351 91:
1296 3288 1410 3363 petenti
1429 3322 1467 3334 -

348 3377 466 3452 parenti
490 3374 524 3436 0.
562 3378 602 3450 ΙΙ,
630 3384 659 3450 5,
688 3385 766 3444 108:
803 3379 986 3438 illa-ista
1009 3377 1044 3438 Ο.
1078 3378 1118 3448 ΙΙ,
1145 3382 1174 3448 6,
1200 3383 1258 3441 51:
1283 3377 1308 3436 si
1331 3397 1465 3437 mens-

347 3469 421 3526 tunc
455 3485 537 3525 mens
562 3465 596 3526 Ο.
640 3468 693 3540 IV,
721 3475 749 3540 1,
779 3474 836 3534 19:
872 3467 1057 3529 descenderit
1092 3467 1183 3546 (idem
1206 3466 1244 3540 B)
1275 3467 1469 3526 —desederit

347 3553 422 3626 OF.
456 3555 516 3625 IV,
543 3560 580 3626 6,
611 3562 663 3621 19:
700 3558 893 3618 adveniet-
914 3558 1015 3617 veniet
1038 3555 1072 3615 Ο.
1127 3555 1167 3615 Et
1198 3576 1234 3616 ne
1264 3557 1316 3615 illo
1349 3556 1468 3634 quidem

347 3645 447 3704 studio
478 3663 583 3704 versus
614 3646 652 3705 ad
675 3644 776 3707 Ovidii
806 3650 901 3706 artem
932 3646 1120 3706 subtiliorem
1143 3646 1363 3717 commutandi,
1388 3645 1468 3721 qnod

346 3733 404 3791 iam
436 3733 467 3791 in
500 3735 646 3810 excerptis
669 3735 811 3796 Parisinis
843 3734 1109 3812 deprehendimus,
1142 3735 1251 3796 codicis
1274 3734 1468 3795 Eboraeensis

346 3823 488 3882 librarius
519 3824 596 3884 liber
617 3825 710 3886 fuisse
734 3826 873 3897 videtur,
907 3843 976 3884 cum
1008 3825 1083 3884 tales
1106 3825 1350 3903 interpolationes
1373 3826 1410 3884 ab
1434 3842 1468 3884 so

436 4054 464 4140 1)
482 4056 541 4111 Ηοο
556 4056 636 4127 signo
650 4055 773 4112 codicem
790 4056 974 4127 archetypum
994 4057 1119 4112 omnium
1138 4057 1272 4111 librorum
1282 4053 1468 4109 recentiorum

346 4128 566 4267 nombhlimdiber
589 4199 687 4254 florum
712 4199 912 4254 auctoritatum
940 4199 1089 4255 moralium
1115 4218 1140 4255 a.
1162 4199 1230 4252 1329
1249 4197 1376 4252 Veronae
1394 4213 1467 4250 com·

347 4263 454 4340 positus
481 4275 539 4338 est,
566 4271 611 4326 vd.
631 4271 704 4326 dail.
724 4270 834 4340 Meyer,
860 4271 905 4326 die
931 4272 1127 4341 sammlnngen
1153 4271 1202 4325 der
1220 4269 1400 4339 spruchverse
1419 4268 1467 4322 des

347 4341 485 4398 Publilius
504 4343 598 4413 Syrus,
613 4339 691 4414 Lips.
713 4341 779 4396 1877
799 4361 847 4414 pg.
867 4343 898 4397 61
919 4361 980 4412 sqq.
