3286 4978
751 466 972 526 ..12-

303 639 377 699 Puit
401 641 535 700 omnium
558 643 677 717 praeter
690 639 883 700 Ouiacianum
898 641 1104 719 fragmentum
1121 643 1253 718 optimus
1278 643 1307 701 et
1324 661 1423 700 emen·

303 729 486 790 datissimus.
533 730 611 791 Nam
634 731 742 790 menda
764 731 941 806 scripturae,
974 750 1051 806 quae
1082 731 1113 789 in
1147 731 1294 808 excerptis
1317 731 1422 806 depre-

303 818 460 878 hendimus
484 821 566 879 haud
589 839 695 896 pauca,
728 838 787 879 non
810 821 897 879 modo
928 819 959 877 in
982 820 1036 879 illo
1058 820 1146 892 libro,
1180 822 1230 881 sed
1259 841 1296 881 ne
1325 820 1357 878 iu
1389 839 1422 879 eo

304 907 424 982 quidem
447 909 586 986 florilegii
611 909 770 985 exemplari
795 911 875 986 quod
900 909 1053 986 exipsius
1077 910 1265 988 grammatici
1284 909 1422 969 manibus

302 997 470 1073 profectum
493 1005 548 1072 est,
573 998 706 1058 extitisse
729 999 793 1059 veri
816 1001 861 1059 est
883 998 1084 1059 simillimum:
1118 1000 1193 1060 tales
1216 1001 1296 1060 certe
1311 1055 1314 1064 ,
1330 999 1423 1075 scrip·

302 1088 399 1160 turae,
432 1088 536 1164 quales
559 1091 631 1147 sunt
658 1089 827 1161 ,confixus“
863 1106 917 1164 pro
944 1089 1125 1163 „confisns“,
1162 1089 1296 1165 „credite
1326 1087 1418 1150 ratis“

302 1195 356 1252 pro
383 1177 496 1250 „credit
519 1171 630 1236 aratis“
658 1177 695 1254 (Ι,
721 1182 750 1251 9,
775 1182 827 1241 45.
852 1177 894 1248 ΙΙ,
913 1182 942 1248 6,
962 1179 1028 1254 21),
1054 1179 1129 1238 aliae
1153 1180 1190 1238 ab
1215 1180 1423 1254 excerptorum

304 1268 425 1326 auctore
448 1267 566 1344 neglegi
590 1284 649 1325 non
673 1257 848 1343 potuerunt,
874 1267 923 1326 sed
949 1287 966 1325 a
989 1269 1155 1343 posteriore
1178 1269 1299 1328 demum
1315 1266 1422 1327 codicis

302 1353 425 1414 librario
449 1356 582 1416 socordia
604 1356 790 1432 levitateque
813 1356 844 1414 in
868 1355 1072 1433 Frisingensia
1101 1360 1172 1417 sunt
1195 1357 1307 1417 illatae.
1355 1356 1423 1415 Duo
1513 1370 1527 1390 ‘

302 1443 375 1505 haec
398 1445 606 1505 tantummodo
637 1445 743 1504 menda
773 1445 833 1503 iam
866 1445 896 1503 in
929 1446 1028 1506 codiee
1057 1447 1109 1506 illo
1141 1447 1260 1525 integro
1288 1445 1422 1507 extitisse

280 1536 395 1609 ‚atque
417 1534 485 1594 inde
509 1534 540 1593 in
563 1534 744 1612 florilegium
766 1534 921 1610 irrepsisse
944 1538 1044 1611 potest
1068 1537 1222 1597 contendi:

392 1623 433 1698 ΙΙ,
460 1627 490 1698 6,
516 1628 572 1689 22:

574 1711 647 1789 Spes
670 1713 761 1773 sulcis
784 1713 879 1772 eredit
903 1714 996 1774 aratis

508 1802 626 1864 Semina
650 1822 727 1878 qnae
749 1820 858 1880 magno
881 1802 982 1863 fenore
1005 1803 1140 1864 reddit
1165 1822 1246 1882 ager,

303 1889 356 1949 ubi
378 1890 448 1950 libri
471 1892 567 1952 nostri
590 1894 670 1951 recte
686 1891 826 1952 exhibent
853 1893 995 1967 „reddat“
1024 1896 1053 1952 et
1077 1892 1133 1967 ΙΙΙ,
1160 1898 1189 1965 3,
1215 1897 1273 1956 22:
1302 1891 1420 1969 „gerit“

302 1996 356 2055 pro
383 1980 510 2058 ,regit.“
549 1981 677 2057 Reliqua
694 1983 796 2042 autem
818 1981 936 2041 librarii
951 2001 1051 2042 errore
1074 1985 1177 2042 exorta
1192 1984 1265 2042 eunt
1289 1984 1318 2040 et
1334 1981 1421 2040 facile

304 2073 535 2146 cognoscuntur.
573 2069 639 2140 Qua
662 2071 699 2130 de
714 2089 805 2131 causa
820 2071 902 2130 haud
917 2071 1029 2131 iniuria
1046 2090 1193 2130 summam
1210 2069 1423 2131 auctoritatem

301 2156 539 2236 Frisingensium
570 2160 727 2236 scripturis
758 2160 816 2219 viri
849 2159 929 2220 docti
961 2161 1153 2234 tribuerunt;
1188 2161 1317 2220 maxime
1350 2178 1421 2219 vero

302 2247 421 2324 singula
448 2248 501 2308 illa
531 2249 678 2308 vocabule
700 2268 779 2325 quae
812 2268 847 2308 ex
876 2268 1019 2310 versuum
1043 2269 1157 2310 conexu
1185 2250 1286 2309 soluta
1317 2249 1349 2307 in
1372 2268 1422 2308 ax-

302 2337 412 2412 cerptis
436 2340 537 2399 extare
560 2357 652 2414 supra
676 2339 791 2398 dictum
815 2341 868 2410 est,
902 2339 982 2399 omni
1006 2340 1198 2416 corruptione
1221 2358 1319 2400 vacua
1351 2340 1423 2398 sunt

302 2426 450 2488 ducenda:
475 2428 548 2488 haec
564 2428 642 2487 enim
665 2427 856 2504 potissimum
879 2449 897 2488 a
911 2428 1042 2489 librariis
1057 2429 1217 2507 diligenter
1233 2447 1295 2489 esse
1310 2428 1422 2520 scripta

301 2515 482 2593 minimeque
497 2517 667 2588 immutata,
684 2537 737 2593 per
753 2537 784 2577 se
798 2518 999 2596 intellegitur.
1029 2518 1137 2594 Neque
1154 2519 1303 2579 sententia
1319 2520 1421 2577 nostra

301 2623 373 2665 voce
397 2626 474 2682 quae
498 2610 542 2666 est
568 2605 734 2681 ,hamatis
761 2627 790 2666 r.
816 2607 869 2681 IV,
895 2612 925 2679 3,
955 2613 993 2672 10
1017 2611 1117 2684 potest
1140 2608 1284 2670 refutari:
1309 2607 1421 2667 iniuria

302 2694 380 2754 enim
415 2696 539 2756 Luciani
575 2695 713 2756 Muelleri
749 2697 785 2756 de
823 2697 878 2757 hac
912 2698 1063 2775 scriptura
1098 2700 1277 2760 sententiam
1311 2697 1421 2757 reicere

302 2786 426 2845 conatus
450 2787 495 2844 est
517 2786 703 2860 Protxenius,
736 2806 804 2846 cum
835 2788 1028 2849 contenderet
1058 2788 1168 2849 lineola
1191 2788 1244 2847 illa
1267 2786 1420 2846 vocalibus

301 2874 503 2952 superscripta
525 2895 681 2952 nunquam
703 2893 789 2952 posse
811 2876 984 2953 significari,
1017 2878 1237 2954 producendam
1261 2894 1323 2936 esse
1358 2874 1420 2951 syl-

300 2964 412 3036 labanu
437 2964 527 3024 immo
542 2968 622 3025 reete
638 2965 820 3024 Muellerum
843 2966 919 3026 illud
935 2967 1060 3027 sensisse
1085 2988 1120 3028 ex
1135 2965 1273 3043 plurimis
1298 2983 1419 3039 excerp·

299 3055 402 3112 torum
417 3053 655 3132 Frisingensium
679 3054 750 3115 locis
767 3073 842 3132 quos
865 3055 928 3132 ipse
951 3056 1076 3131 inspexi,
1101 3056 1235 3132 apparet.
1282 3051 1420 3128 Exempli

300 3142 399 3221 gratia
421 3144 543 3204 afferam
566 3144 633 3204 hos:
657 3143 688 3202 in
706 3143 860 3204 Claudiani
877 3144 1023 3220 excerptis
1039 3165 1116 3220 quae
1131 3143 1310 3204 Tibullianis
1332 3161 1419 3218 prae·

300 3232 421 3306 cedunt,
449 3253 499 3311 pg.
528 3239 588 3298 117
621 3232 691 3293 libri
723 3235 806 3294 extat
832 3234 985 3309 „canuit,“
1020 3239 1050 3294 et
1080 3235 1111 3294 in
1136 3232 1247 3310 eelogis
1271 3231 1420 3291 Martialis

300 3340 378 3397 quae
392 3326 580 3400 ¹sequuntur,
611 3343 662 3400 pg.
692 3327 751 3388 118
775 3343 840 3400 sqq.
872 3323 1083 3400 reperiuntur:
1104 3313 1256 3400 ¹(lastllra,
1289 3311 1419 3395 lividius

300 3409 399 3488 Nr'rgis
423 3410 494 3488 (ΙΙΙ,
520 3417 572 3486 55,
598 3416 641 3488 3),
667 3411 770 3487 Alata,
802 3404 904 3478 liitum
928 3413 997 3484 (ΙΙΙ,
1024 3418 1075 3486 36,
1100 3418 1146 3491 4),
1170 3411 1292 3483 serium,
1322 3409 1420 3476 stillas

301 3497 371 3579 (ΙΙΙ,
397 3505 449 3572 50,
475 3505 518 3578 3),
543 3499 704 3580 drigarum
728 3502 817 3582 (miro
846 3501 962 3563 librarii
991 3521 1099 3575 errore,
1131 3501 1172 3575 ΙΙ,
1199 3505 1250 3572 50,
1276 3503 1320 3578 4),
1345 3511 1419 3579 οόρο

300 3586 370 3670 (ΙΙΙ,
389 3595 440 3661 57,
462 3589 503 3670 l),
528 3592 682 3666 quatinus
699 3592 840 3668 putidula
856 3591 922 3668 (IV,
941 3595 992 3662 20,
1010 3595 1054 3668 4),
1077 3601 1195 3657 esroma
1219 3589 1285 3668 (IV,
1307 3596 1356 3662 19,
1375 3595 1418 3667 5),

300 3669 428 3752 sintdsis,
453 3671 589 3746 Blinfinia
604 3680 659 3757 (II,
685 3684 736 3752 59,
765 3684 795 3757 1)
820 3684 875 3740 etc.
924 3680 1040 3750 Quibus
1059 3680 1131 3741 locis
1148 3680 1287 3740 omnibus
1309 3680 1420 3740 lineola

300 3769 347 3828 vel
371 3767 501 3829 circulus
524 3769 767 3832 semicirculusve
790 3770 909 3830 litterae
933 3769 1155 3847 superscriptus
1180 3769 1218 3830 ad
1237 3769 1314 3830 nihil
1337 3769 1420 3828 eliud

299 3859 399 3933 potest
421 3858 580 3934 pertinere,
603 3860 661 3920 nisi
684 3860 721 3918 ad
743 3860 927 3936 syllabarum
951 3879 1042 3936 quam
1072 3860 1178 3922 dicunt
1200 3859 1417 3936 quantitatem

300 3947 471 4024 quidquod
493 3947 613 4026 singula
635 3950 688 4008 illa
711 3949 857 4008 vocabula
879 3952 1002 4026 propter
1017 3949 1111 4010 solam
1135 3951 1211 4010 hane
1234 3949 1418 4026 syllabarum

299 4055 470 4097 mensuram
493 4039 531 4098 ab
555 4045 725 4116 excerptore
748 4037 877 4113 ascripta
900 4057 962 4100 asse
986 4039 1150 4101 videntur?
1189 4035 1418 4110 Quamobrem

299 4125 449 4204 scriptura
474 4127 671 4206 ,samaeus
708 4126 990 4207 aFrisingensibus
1022 4133 1068 4192 est
1095 4125 1293 4190 abiudieanda
1325 4127 1418 4201 atque

261 4261 263 4268 >
303 4215 472 4294 ,hamatis“
497 4217 667 4298 legendum.

388 4305 458 4368 Jern
480 4309 649 4387 veroquid
681 4327 716 4371 ex
748 4305 851 4369 nostra
881 4308 1030 4372 sententia
1061 4307 1217 4385 sequatur,
1251 4303 1415 4370 videamus.
