3286 4978
656 492 874 553 -13-

204 665 340 724 Primum
363 663 396 722 in
418 681 509 724 versu
532 664 557 735 I,
583 669 614 736 3,
639 669 680 729 86
705 684 777 725 vera
799 665 941 725 vocabuli
967 665 1065 724 forma
1091 665 1212 740 „colu“,
1236 686 1327 744 quam

204 753 406 832 Prisingensia
428 756 598 827 servarunt,
624 754 683 813 erit
705 754 908 828 restituenda;
941 757 1051 831 probat
1074 755 1153 814 enirn
1176 756 1252 815 hanc
1276 776 1327 815 ex-

203 846 376 920 oerptorum
398 844 579 919 scripturam
609 843 699 902 etiam
728 862 833 904 versus
856 844 897 916 ΙΙ,
925 850 953 918 1,
979 849 1032 916 63,
1061 845 1176 921 inquo
1202 846 1324 921 „colus“

88 961 94 981 ·
203 934 279 992 illud
302 933 463 1009 pluraliter
485 932 606 992 videtur
630 932 844 1009 accipiendum.

292 1023 406 1082 Deinde
429 1022 460 1080 in
483 1041 574 1082 versu
596 1021 638 1092 H,
664 1027 694 1097 3,
722 1028 761 1087 10
792 1022 974 1099 scripturam
1004 1023 1146 1098 pussulae
1173 1042 1228 1099 pro
1255 1023 1327 1083 reli-

205 1131 336 1188 quorum
367 1112 503 1172 codicum
533 1112 661 1172 lectione
696 1112 858 1188 „pustula“
886 1112 1050 1171 Muellerus
1074 1116 1105 1172 et
1127 1112 1327 1173 Baehrensius

204 1204 285 1262 recte
308 1203 498 1277 receperunt,
523 1219 584 1260 uno
602 1200 842 1280 Prisingensium
865 1201 1037 1262 testimonio
1060 1201 1135 1262 nisi:
1159 1222 1228 1261 nam
1252 1222 1329 1278 quae

203 1291 379 1351 Protzenius
402 1311 452 1369 pg.
480 1296 517 1355 17
543 1291 638 1350 libelli
661 1292 710 1350 sui
739 1283 826 1351 affert
858 1291 991 1367 exempla
1013 1290 1089 1350 nihil
1113 1291 1248 1352 efficiunt
1270 1293 1328 1351 nisi

203 1381 271 1439 illas
295 1380 417 1456 quidem
440 1380 605 1456 scripturas
628 1400 706 1456 quae
730 1384 802 1440 sunt
833 1381 958 1456 pustula
981 1381 1011 1439 et
1033 1381 1165 1456 pusulla,
1200 1381 1328 1441 inveniri

204 1470 381 1546 promiscue,
407 1471 458 1530 sed
485 1470 646 1546 ,pussula“
673 1488 824 1547 nusquam
847 1489 910 1530 esse
933 1470 1079 1546 seriptum
1102 1471 1160 1529 nisi
1182 1470 1214 1529 iu
1230 1471 1329 1531 codice

205 1559 408 1637 Prisingensi3
442 1579 515 1618 num
545 1559 577 1618 in
608 1577 730 1636 corpore
759 1560 848 1619 inser.
878 1560 931 1619 lat.
964 1560 1130 1635 quidquam
1159 1559 1195 1620 de
1219 1560 1274 1619 hac
1296 1581 1329 1620 re

204 1649 299 1725 possit
332 1648 455 1724 reperiri
490 1649 608 1725 dubito,
640 1668 737 1725 neque
767 1648 943 1709 Protzenius
975 1649 1095 1724 quidem
1127 1649 1159 1707 id
1188 1649 1327 1725 inspexit.

205 1738 263 1797 Sed
294 1740 451 1813 utcunque
488 1757 535 1797 res
571 1757 602 1797 se
631 1738 740 1812 habet,
774 1739 981 1814 excerptorum
1014 1739 1193 1815 scripturam
1226 1758 1329 1798 veram

205 1846 439 1906 germanamque
463 1827 610 1899 existimo,
634 1830 741 1903 utpote
766 1847 802 1886 ex
825 1827 1019 1905 integerrimo
1042 1829 1127 1887 fonte
1150 1827 1327 1888 derivatam.

294 1916 338 1974 De
361 1917 488 1976 lectione
515 1915 704 1991 ,Garonna,“
731 1936 822 1992 quam
846 1917 877 1975 in
900 1935 990 1976 versu
1014 1916 1039 1988 I,
1066 1923 1095 1991 7,
1127 1923 1160 1982 11
1188 1918 1329 1977 exhibent

205 2009 353 2082 excerpta,
387 2006 486 2065 nescio
516 2007 589 2081 quid
621 2005 758 2065 sentiam.
812 2006 890 2064 Nam
919 2005 988 2066 inde
1019 2026 1037 2064 a
1066 2008 1176 2082 quarto
1209 2006 1328 2067 saeculo

206 2115 271 2155 earn
295 2095 324 2153 in
351 2093 449 2154 Gallia
480 2095 574 2155 fuisse
603 2095 751 2155 usitatam
773 2095 948 2155 Protzoniua
975 2115 1026 2172 pg.
1054 2101 1093 2159 14
1118 2115 1182 2172 sqq.
1207 2097 1328 2156 demon·

204 2184 329 2256 stravit;
364 2185 415 2243 sed
445 2185 478 2242 in
500 2185 704 2245 vetustissimo
736 2204 858 2261 quoque
890 2185 1064 2261 optimoque
1096 2185 1173 2245 libro
1200 2186 1328 2244 aliorum

204 2274 395 2350 scriptorum,
420 2274 506 2333 velut
525 2273 668 2347 Caesaris,
692 2275 839 2350 Pomponi
854 2275 959 2346 Melae,
983 2274 1073 2347 Plini,
1104 2274 1221 2333 Ausonl
1245 2277 1330 2335 extat

205 2364 355 2439 scriptura
381 2361 576 2437 „Garunna“,
609 2383 686 2438 quae
720 2364 810 2424 etiam
837 2363 1019 2424 Graecorum
1050 2363 1240 2437 testimoniis
1274 2365 1328 2439 qui

209 2454 238 2511 Γ
235 2441 380 2533 αρούνας,
403 2442 577 2534 saporivae,
595 2454 625 2512 Γ
623 2443 739 2533 αρύννα
757 2453 906 2524 exhibent,
930 2453 1016 2513 nobis
1032 2455 1189 2529 probatur,
1224 2453 1328 2512 Nihilo

207 2543 302 2602 aetius
333 2542 406 2600 dum
435 2529 564 2602 certior⁸a
595 2543 758 2602 afferentur
788 2546 981 2621 argumenta,
1013 2543 1098 2602 illam
1128 2543 1159 2600 in
1183 2543 1328 2603 editiones

207 2631 417 2706 recipiendam,
449 2632 585 2691 codicum
608 2636 710 2691 autem
733 2632 921 2709 integrorum
949 2632 1106 2692 lectionem
1133 2630 1325 2706 ,Garumna“

208 2724 288 2780 certe
311 2721 490 2780 reiciendam
513 2740 582 2780 eum
605 2721 749 2780 Muellero
774 2723 804 2779 et
826 2720 1007 2780 Baehrensio
1030 2739 1144 2782 censeo.

297 2808 483 2887 Scripturam
519 2809 698 2885 „Camutis“
732 2810 762 2868 in
795 2829 886 2870 versu
913 2809 938 2883 Ι,
965 2816 993 2880 7,
1023 2816 1060 2876 12
1093 2812 1243 2870 extantem
1274 2829 1329 2870 cur

208 2899 266 2959 viri
289 2900 370 2958 docti
394 2901 431 2958 ad
454 2919 551 2958 uuum
573 2918 674 2959 omnes
698 2899 849 2975 aspernati
872 2899 943 2973 sint,
966 2918 1024 2958 non
1048 2899 1205 2976 perspicio.
1253 2899 1328 2959 Cum

209 2989 341 3047 enimin
366 2989 499 3049 Caesaris
522 2989 631 3049 libellis
664 3008 780 3064 semper
803 2989 949 3049 Carnutes
980 2989 1041 3047 sint
1069 2989 1212 3066 appellati
1235 2992 1329 3064 atque

209 3078 299 3137 etiam
323 3079 354 3136 in
377 3078 457 3138 Livii
479 3080 556 3138 libro
580 3078 618 3153 V,
643 3083 685 3143 34
709 3078 878 3138 Carnutum
908 3098 1014 3138 nomen
1036 3079 1217 3155 reperiatur,
1251 3080 1328 3138 tem-

208 3169 332 3243 poribus
355 3169 400 3227 rei
423 3168 561 3244 publicae
583 3169 694 3229 liberae
718 3171 748 3228 et
770 3168 960 3244 imperatoris
980 3167 1115 3246 Augusti
1138 3169 1210 3228 haec
1232 3168 1329 3227 forma

208 3257 301 3317 fuisse
325 3257 447 3316 videtur
469 3258 592 3317 usitata.
641 3257 764 3317 Carnuti
789 3260 890 3318 autem
914 3257 1065 3333 scriptura
1088 3260 1172 3318 extat
1194 3257 1226 3315 in
1249 3258 1328 3316 Plini

209 3347 279 3406 hist.
304 3351 366 3406 nat.
391 3347 445 3419 IV,
471 3352 512 3411 32
538 3351 732 3424 (quamquam
756 3348 892 3406 nonnulli
919 3347 1033 3406 codices
1064 3348 1223 3423 praebent:
1257 3347 1328 3406 Car-

209 3437 315 3496 nuteni
339 3436 507 3513 foederati),
524 3437 736 3517 Καρνουτῖνοι
760 3436 841 3511 apud
856 3437 1054 3496 Plutarchum
1066 3437 1097 3495 in
1110 3436 1242 3496 Caesaris
1265 3437 1329 3496 vita

209 3544 234 3584 c.
260 3530 312 3596 25,
348 3513 546 3606 Καρνούτων
576 3527 657 3602 apud
681 3526 859 3585 Strabonem
881 3525 935 3598 IV,
969 3530 999 3598 2,
1032 3531 1090 3590 191
1125 3529 1156 3585 01
1187 3531 1217 3599 3,
1254 3531 1326 3600 193,

210 3612 396 3694 Καρνοῦται
424 3615 456 3674 in
479 3615 643 3675 Ptolemaei
673 3635 776 3694 geogr.
808 3616 853 3676 ed.
883 3615 1020 3693 Wilberg
1051 3615 1093 3687 ΙΙ,
1127 3622 1143 3680 7
1180 3635 1230 3692 pg.
1267 3620 1327 3679 173

210 3704 337 3778 (codices
360 3704 434 3782 Reg.
461 3703 549 3763 Coisl.
574 3705 638 3764 Pal.
667 3711 681 3769 l
708 3707 738 3764 et
762 3709 780 3768 2
805 3707 950 3780 praebent
964 3694 1158 3786 Ἀρνοῦται),
1182 3704 1329 3764 Carnutes

210 3785 291 3869 apud
314 3793 440 3852 Florum
461 3793 486 3867 Ι,
511 3798 563 3865 45,
590 3799 631 3858 20
656 3795 713 3871 (ed.
737 3793 898 3870 Halmius),
923 3793 1106 3853 Carnutinus
1128 3795 1160 3851 iu
1182 3792 1274 3854 Crelh
1299 3798 1329 3854 01

210 3883 342 3943 Henzeni
365 3884 453 3942 inser.
479 3883 537 3942 vol.
562 3882 619 3956 ΙΙΙ,
646 3889 746 3956 7046;
780 3884 908 3960 denique
942 3883 1067 3958 ,civitas
1091 3882 1273 3944 Camotum“
1297 3885 1329 3942 in

209 3973 319 4033 notitia
332 3971 500 4031 Galliarum
515 3972 569 4044 IV,
587 3977 604 4036 3
624 3973 745 4048 (notitia
759 3973 942 4052 dignitatum
959 3973 1003 4034 ed.
1021 3971 1161 4032 Seechius
1184 3994 1234 4052 pg.
1250 3978 1328 4038 264:

209 4063 349 4121 nonnulli
373 4061 486 4122 codices
503 4061 726 4137 Carnotenum),
751 4064 782 4121 et
808 4063 934 4137 ,civitas
950 4061 1135 4122 Carnotena“
1163 4063 1243 4139 apud
1259 4061 1328 4121 sul-

210 4152 322 4227 picium
346 4150 491 4211 Severum
513 4151 555 4222 in,
568 4151 651 4210 diall.
677 4157 707 4222 2,
733 4157 762 4224 3,
787 4153 868 4211 unde
891 4157 1016 4228 apparet
1039 4151 1143 4227 primis
1166 4155 1235 4228 post
1259 4151 1327 4210 Chr.

210 4262 240 4303 n.
264 4242 390 4300 saeculis
406 4244 526 4318 gentem
548 4240 801 4312 illamCarnutes,
827 4241 984 4312 Carnutos,
1009 4241 1159 4316 Carnotos,
1185 4241 1328 4301 Carnotos

211 4350 274 4390 csse
294 4331 487 4389 nominatam.
526 4329 595 4388 dam
613 4328 850 4407 Prisingensium
866 4331 1023 4390 lectionem
1039 4329 1248 4408 arriperemus‚
1270 4331 1329 4392 nisi
1417 4365 1420 4370 ·
