3286 4978
543 1204 692 1270 ΟΑΡϋΤ
715 1204 937 1271 ΑῑΤΕΒϋΜ.

238 1350 283 1425 De
312 1349 480 1426 codicibus
507 1346 788 1424 Lachmannianis
815 1361 851 1424 et
878 1303 1133 1426 Baehrensianis
1161 1348 1243 1430 AV.

265 1548 310 1606 De
341 1543 559 1608 recentioribus
591 1546 744 1606 codicibus
774 1548 828 1623 qui
859 1568 876 1607 a
908 1547 1011 1607 Oarolo
1044 1547 1234 1610 Lachmanno
1266 1554 1297 1610 et
1405 1543 1409 1550 ’

175 1637 305 1700 Aemilio
328 1636 509 1696 Baehrensio
524 1635 570 1700 .in
602 1640 781 1713 apparatum
814 1636 953 1697 criticum
984 1637 1131 1713 assumpti
1154 1643 1235 1710 sunt,
1260 1644 1298 1701 ut

175 1727 256 1787 recte
278 1726 414 1786 iudicare
437 1725 594 1802 possimus,
619 1724 749 1802 primum
773 1745 870 1801 pauca
893 1728 929 1786 de
953 1726 1089 1786 codicum
1111 1731 1209 1787 aetate
1225 1733 1297 1789 sunt

176 1816 340 1889 monenda;
376 1815 482 1875 deinde
516 1833 712 1891 quaeremus,
746 1819 852 1874 utrum
882 1834 981 1875 omnes
1013 1835 1048 1875 er
1079 1817 1186 1880 eodem¹
1212 1817 1296 1878 fonte

177 1905 364 1964 manaverint
396 1925 434 1963 an
464 1904 495 1963 id
527 1905 608 1980 quod
642 1903 673 1962 in
708 1925 740 1964 re
774 1904 879 1964 critice
911 1905 1078 1965 factitando
1109 1905 1219 1964 summi
1251 1911 1296 1968 est

178 1995 283 2070 pretii,
316 1995 418 2071 plures
442 2012 519 2070 quas
549 1993 654 2054 dicunt
685 1994 848 2054 habeamus
872 1994 1006 2060 codicum
1037 1994 1185 2066 familias3
1218 2016 1296 2071 quae

177 2084 312 2160 quaestio
343 2084 388 2142 ita
411 2084 523 2159 optime
554 2082 627 2142 mihi
660 2083 781 2144 videtur
810 2082 950 2155 institui,
980 2087 1017 2143 ut
1040 2104 1058 2142 a
1081 2085 1295 2146 vetustissimis

174 2173 376 2234 recentiorum
410 2173 537 2249 ideoque
568 2172 690 2232 minime
720 2173 908 2249 interpolatis
932 2172 1129 2233 Ambrosiano
1154 2179 1184 2234 et
1208 2174 1294 2235 Vati-

174 2282 246 2323 cano
277 2261 439 2322 Baehrensi
470 2262 703 2339 proficiscentes,
733 2269 804 2340 quo'
828 2262 1014 2341 cognationis
1045 2262 1166 2324 vinculo
1197 2264 1294 2325 Lach-

172 2353 275 2410 manni
299 2351 453 2412 Parisinus
485 2355 583 2412 aetate
613 2352 767 2428 proximus
799 2372 869 2413 cum
896 2352 955 2411 illis
979 2351 1157 2413 coniunctus
1180 2354 1221 2414 sit
1244 2367 1298 2413 ex-'
1401 2423 1403 2427 ¹

173 2443 346 2517 manemus,
382 2445 449 2500 turn
482 2461 555 2500 num
578 2440 762 2502 Lachmanni
792 2443 829 2502 de
860 2443 946 2501 libris
969 2442 997 2500 A
1021 2441 1097 2503 ecc
1127 2443 1293 2505 sententiae

174 2531 311 2590 assentiri
339 2531 487 2606 possimus
523 2531 695 2602 videamus,
733 2532 861 2607 denique
896 2531 1169 2608 Guelferbytanum
1203 2553 1293 2609 quem

174 2619 370 2680 Baehrensius
394 2621 472 2679 alius
494 2620 626 2680 familiae
641 2621 837 2698 propaginem
853 2639 915 2680 esse
939 2624 1048 2694 censet,
1074 2621 1291 2696 examinemus;

173 2711 321 2784 postremo
352 2709 416 2768 utri
439 2709 541 2788 generi
564 2705 710 2769 librorum
732 2708 829 2770 maior
852 2709 1017 2772 auctoritas
1047 2710 1210 2770 tribuenda
1241 2712 1292 2784 sit,

173 2799 356 2859 constituere
379 2799 563 2864 conabimur,

444 3011 467 3065 1.
486 3009 528 3065 lle
547 3009 679 3067 codicum
695 3008 894 3065 recentiorum
912 3009 1018 3065 aetate.

260 3140 305 3200 De
327 3139 511 3202 Lachmanni
535 3140 686 3201 codicibus
709 3139 769 3198 iam
792 3158 889 3216 supra
907 3139 1137 3198 memoravimus
1160 3139 1290 3216 primum

170 3229 224 3304 qui
241 3233 305 3288 erat
321 3229 533 3306 archicpiscopi
554 3229 759 3301 Eboracensis
784 3229 812 3287 A
836 3248 913 3288 anno
935 3233 1016 3293 1425
1041 3230 1290 3302 macerandum,

171 3319 301 3378 alterum
323 3319 494 3378 Parisinum
514 3322 610 3394 7989,
634 3319 660 3377 Β
683 3337 760 3378 anno
787 3319 870 3382 1423
895 3318 1052 3394 scripturn,
1077 3321 1192 3378 ceteros
1216 3337 1290 3393 quos
1404 3365 1405 3368 ,

169 3409 388 3469 recentissimos
404 3409 478 3469 dicit
500 3407 548 3468 vir
565 3407 764 3479 doctissimus,
789 3411 869 3468 certe
884 3408 979 3466 altera
994 3407 1106 3467 saeculi
1122 3407 1177 3465 XV
1192 3410 1289 3483 parte,

170 3517 240 3558 cum
264 3498 365 3558 studia
396 3497 588 3575 antiquitatis
620 3497 680 3557 iam
711 3497 838 3555 maxime
869 3496 1009 3556 florerent
1040 3499 1132 3572 atque
1156 3497 1291 3557 virorum

170 3587 327 3646 doctorum
360 3588 486 3649 audacie
513 3587 727 3663 temeritasque
755 3587 786 3645 in
810 3586 963 3648 codicibus
987 3585 1169 3665 corrigendis
1192 3587 1290 3664 magis

169 3677 327 3755 magisque
339 3677 488 3755 glisceret,
503 3695 564 3737 csse
576 3677 741 3749 confectos3
754 3675 968 3736 Askewianum
981 3675 1103 3753 quidem
1115 3694 1191 3735 anno
1206 3677 1288 3742 1463
1353 3737 1357 3747 ,

171 3769 326 3826 exaratum
350 3784 412 3828 esse
436 3768 562 3832 constat.

258 3855 283 3913 Ε
299 3855 461 3916 Baehrensi
478 3859 580 3916 autem
596 3854 749 3916 codicibus
765 3853 982 3914 Ambrosianus
1004 3853 1033 3914 A
1049 3855 1129 3915 circa
1145 3875 1171 3914 a.
1193 3859 1288 3927 1374,

169 3945 195 4003 si
210 3964 269 4004 non
285 3946 375 4022 paulo
392 3948 490 4016 antea,
515 3944 645 4021 scriptus
669 3963 731 4004 esse
755 3943 890 4016 videtur3
916 3963 951 4004 er
967 3944 1187 4021 subscriptione
1210 3943 1289 4004 enim

170 4055 248 4111 quae
271 4035 302 4093 in
324 4035 382 4094 fine
405 4035 595 4094 membranae
617 4036 686 4111 post
707 4033 821 4094 Tibulli
844 4033 940 4093 vitam
964 4033 1067 4093 addite
1091 4037 1153 4094 est:
1180 4033 1289 4109 „Liber

169 4123 284 4186 Oolucii
314 4124 400 4202 pyeri
431 4122 607 4184 Cancellarii
636 4122 820 4197 florentini“‚
850 4123 982 4184 codicem
1013 4121 1126 4182 Colutii
1156 4121 1289 4183 Salutati

169 4213 262 4274 fuisse
285 4213 492 4292 intellegitur,
524 4213 560 4271 de
584 4230 645 4289 quo
667 4212 815 4272 librorum
843 4233 934 4273 manu
958 4213 1141 4289 scriptorum
1163 4211 1288 4272 investi-

169 4305 275 4388 gatore
298 4303 498 4369 Baehrensius
520 4302 552 4362 in
575 4303 689 4386 proleg.
714 4301 853 4369 editionis
877 4322 950 4368 suae
965 4301 1074 4367 Catull.
1099 4301 1193 4386 ng
1216 4301 1287 4384 plu-
