3286 4978
656 467 876 524 ..ll-..-

294 639 351 713 ΙΙΙ,
377 644 406 712 3,
432 644 473 702 22
499 639 529 697 11
553 639 795 717 Frisingensibus
819 641 920 698 extat:

431 729 509 789 Nec
533 728 656 788 fortuna
679 747 735 787 sua
758 730 895 804 tempora
917 728 984 805 legs
1008 728 1096 806 gerit,

206 838 275 876 cum
297 818 388 877 ceteri
412 820 585 894 praebeant,
610 818 690 893 quod
714 837 745 877 re
768 837 839 877 vera
863 816 1038 894 Lygdamus
1061 817 1200 893 scripsit:

328 906 417 965 Nam
439 907 562 966 fortuna
585 926 639 966 sua
662 910 798 982 tempora
822 907 888 984 lege
911 906 991 984 regit
1014 906 1108 984 (gerit
1131 905 1205 980 alii).

294 996 356 1070 IV,
394 1002 447 1067 14,
482 1001 499 1061 2
536 997 664 1074 danique
699 999 839 1072 excerpta
872 1015 926 1071 pro
965 996 1101 1056 codicum
1140 995 1329 1073 integrorum

206 1085 373 1162 scriptura:

403 1175 492 1234 Nunc
517 1194 572 1253 ego
595 1195 642 1234 me
666 1174 764 1234 surdis
787 1175 912 1235 auribus
937 1193 999 1234 esse
1023 1168 1123 1247 velini,

206 1265 297 1324 talem
322 1283 458 1324 versum:
485 1265 573 1324 Nunc
589 1283 644 1341 ego
668 1268 698 1324 te
714 1263 813 1323 surdis
830 1285 854 1324 e.
873 1286 901 1341 q.
920 1283 963 1339 sq.
981 1264 1185 1324 inseruerunt.
1220 1262 1329 1323 Omnes

206 1355 262 1413 bae
284 1353 510 1413 immutationes
534 1372 676 1413 versuum
700 1373 885 1429 quamquam
908 1354 990 1412 haud
1006 1371 1124 1430 gravae,
1149 1355 1249 1412 tamen
1265 1353 1329 1411 sola

207 1443 323 1503 librarii
354 1443 488 1503 socordia
529 1442 780 1520 neglegentiaque
814 1443 947 1504 extitisse
975 1462 1033 1502 non
1065 1442 1224 1512 videntur,
1257 1443 1330 1500 sunt

206 1533 302 1608 igitur
317 1527 570 1607 interpolationes.
607 1531 665 1591 Sed
688 1551 757 1591 cum
781 1533 837 1593 bac
860 1532 976 1602 ratione
999 1551 1142 1592 versuum
1166 1530 1330 1590 sententiae

207 1621 281 1680 aliae
305 1642 321 1680 e
344 1621 483 1681 carminis
508 1641 622 1681 conexu
645 1621 706 1680 sint
729 1621 854 1695 solutae,
880 1622 955 1682 aliae
978 1624 1015 1681 ut
1038 1621 1133 1699 magis
1150 1620 1330 1698 generaliter

206 1711 432 1788 intellegantur,
457 1712 618 1787 paululum
642 1711 873 1770 transformatae
896 1712 940 1790 (id
964 1712 1045 1786 quod
1078 1710 1187 1771 codicis
1218 1708 1330 1786 integri

206 1800 323 1860 librarii
345 1819 456 1859 munus
488 1817 550 1860 esse
573 1819 631 1859 non
654 1800 787 1876 potuit),
822 1801 859 1859 ab
891 1820 924 1860 eo
954 1800 1007 1876 qui
1040 1801 1157 1878 eclogas
1190 1799 1328 1869 confecit,

206 1889 430 1949 immutationes
454 1890 507 1948 bas
530 1890 679 1965 profectas
704 1907 765 1948 esse
788 1909 906 1950 necesse
930 1892 983 1951 111,

298 1978 367 2036 Alia
399 1981 500 2038 autem
533 1981 652 2054 praeter
679 1979 739 2037 tria
768 1979 840 2038 haec
873 1982 1058 2056 quattuorve
1089 1976 1330 2053 interpolationis

210 2067 336 2144 vestigia
360 2067 392 2125 in
415 2068 659 2144 Frisingensibus
690 2086 748 2126 non
779 2068 933 2146 indagavi,
965 2088 1063 2144 neque
1087 2068 1146 2126 scio
1179 2087 1216 2124 an
1240 2067 1329 2142 plura

207 2156 336 2216 inveniri
358 2175 417 2216 non
440 2157 565 2232 possint.
613 2157 686 2216 Fuit
718 2158 795 2216 enim
820 2158 959 2236 florilegii
988 2158 1079 2216 huius
1111 2157 1188 2216 ratio
1218 2156 1255 2214 ab
1280 2175 1329 2213 ex-

208 2246 319 2321 cerptis
343 2245 496 2317 Parisinis,
530 2266 607 2322 quae
638 2246 787 2322 posterius
811 2248 897 2308 nobis
927 2247 1085 2307 tractanda
1109 2249 1209 2319 erunt,
1240 2246 1330 2322 longe

208 2335 335 2394 diversa.
384 2335 462 2393 Nam
494 2335 520 2393 is
551 2336 605 2411 qui
636 2335 841 2414 Frisingenses
867 2338 985 2414 eclogas
1014 2335 1192 2412 composuit,
1225 2351 1330 2394 versus

210 2424 263 2500 qui
287 2428 410 2501 propter
434 2425 586 2499 poeticum
609 2425 757 2500 quendam
785 2426 914 2486 colorem
938 2426 987 2486 vel
1017 2443 1136 2485 sensum
1150 2417 1330 2502 'generalem

208 2514 234 2573 ei
258 2514 406 2590 placuisse
438 2514 588 2585 videntur,
624 2514 747 2574 minime
778 2516 863 2574 anxie
887 2515 1050 2591 assumpsit
1082 2534 1179 2590 neque
1211 2513 1331 2572 curavit

208 2608 314 2662 utrum
337 2603 400 2662 suis
422 2604 610 2678 temporibus
633 2604 788 2663 offensioni
812 2623 873 2664 esse
897 2609 1018 2680 possent
1041 2623 1147 2675 neone;
1173 2603 1245 2678 quin
1263 2621 1330 2660 sen·

207 2692 317 2751 tentias
353 2693 390 2751 ad
413 2691 560 2752 Venerem
591 2696 761 2769 spectantes
796 2693 897 2752 studio
929 2693 1059 2770 quodam
1091 2695 1121 2752 et
1152 2710 1251 2751 amore
1280 2710 1330 2749 ex-

208 2781 349 2857 cerpsisse
373 2782 495 2841 videtur
508 2784 541 2858 ¹),
566 2782 772 2841 Parisinorum
796 2785 900 2842 contra
923 2785 1028 2842 auctor
1051 2783 1140 2858 plane
1164 2799 1212 2841 eas
1235 2780 1330 2840 refor-

207 2871 336 2929 midavit
359 2873 414 2930 aut
437 2874 517 2931 totas
541 2872 648 2930 saltem
671 2871 908 2931 transformavit.
942 2872 1103 2932 Praeterea
1126 2870 1331 2948 grammaticis

208 2961 335 3018 maxime
358 2959 527 3020 rationibus
551 2961 639 3020 illum
662 2961 789 3020 ductum
812 2979 884 3032 esse,
909 2961 935 3020 si
959 2964 1166 3037 excerptorum
1189 2960 1331 3020 lectiones

207 3048 436 3124 perlustramus
461 3052 602 3126 apparet:
627 3070 824 3127 quaeeunque
848 3051 874 3110 ei
890 3051 1081 3110 adnotatione
1109 3049 1212 3124 aliqua
1239 3049 1332 3126 digua

209 3157 271 3197 esse
294 3139 485 3214 videbantur,
510 3139 584 3199 haec
607 3142 699 3199 verba
722 3140 771 3199 vel
794 3160 830 3199 ex
852 3141 1068 3200 sententiarum
1093 3158 1208 3200 oonexu
1231 3138 1331 3198 soluta

210 3227 312 3287 eadem
335 3248 395 3304 qua
425 3228 457 3286 in
480 3229 580 3288 codice
612 3230 725 3305 scripta
755 3232 897 3290 extabant
930 3229 1026 3288 forma
1057 3229 1089 3289 11
1114 3230 1253 3306 excerpta
1276 3245 1332 3286 sua

208 3317 331 3393 recepit,
355 3320 391 3376 ut
406 3318 494 3377 modo
510 3318 630 3377 nomina
646 3319 846 3397 geographica
862 3318 900 3398 (I,
920 3325 949 3390 7,
968 3324 997 3383 3.
1018 3325 1055 3382 ll
1074 3337 1118 3394 sq.
1142 3317 1201 3392 ΙΙΙ,
1215 3323 1245 3390 3,
1264 3319 1330 3392 29),

209 3407 297 3466 modo
321 3425 407 3466 voces
441 3407 477 3465 ad
501 3411 639 3466 veterum
670 3427 767 3468 mores
798 3412 938 3484 artesque
970 3409 1138 3484 spectantes
1162 3406 1198 3484 (I,
1226 3413 1253 3478 l,
1282 3411 1331 3470 17.

209 3493 235 3565 l,
261 3500 290 3568 6,
317 3500 368 3560 79.
392 3495 417 3565 I,
444 3502 473 3570 7,
498 3501 527 3560 2.
554 3501 605 3578 35.
632 3502 684 3560 45.
709 3496 750 3570 ΙΙ,
777 3502 807 3571 3,
833 3502 885 3562 63.
918 3495 975 3568 III,
1000 3502 1030 3570 6,
1057 3500 1100 3573 2),
1131 3496 1219 3555 modo
1243 3513 1331 3555 voca·

209 3584 281 3643 bula
313 3587 437 3660 propter
463 3605 563 3646 raram
595 3604 681 3645 casus
711 3585 839 3645 formam
872 3586 1113 3662 scripturamque
1144 3585 1207 3644 sive
1237 3585 1331 3662 signi·

210 3673 379 3733 ficationem
403 3675 547 3734 notabilia
570 3674 608 3750 (Ι,
626 3681 655 3745 8,
674 3680 726 3739 51.
749 3675 775 3747 Ι,
795 3680 845 3747 10,
864 3680 893 3740 8.
918 3675 959 3744 ΙΙ,
978 3680 1008 3746 3,
1029 3681 1079 3739 10.
1099 3679 1149 3739 19.
1174 3674 1215 3745 ΙΙ,
1242 3679 1270 3745 5,
1297 3676 1330 3751 3)

210 3763 296 3838 quasi
312 3763 437 3824 disiecta
450 3782 596 3823 versuum
619 3767 753 3826 mambra
776 3765 887 3842 passim
910 3765 1109 3828 inveniamus.
1157 3763 1216 3833 Qui
1239 3764 1331 3823 talem

209 3853 356 3912 rationem
380 3853 529 3928 sequitur,
553 3853 579 3912 11
602 3872 670 3912 1111
694 3855 774 3930 quod
797 3856 903 3930 poetae
922 3856 1015 3915 verba
1037 3853 1208 3930 interpolet,
1231 3855 1332 3928 potest

208 3941 328 4003 habere.
376 3941 472 4012 Quam
489 3945 605 4002 obrem
629 3963 664 4000 ex
688 3944 835 4020 excerptis
850 3943 1093 4020 Frisingensibus
1117 3942 1225 4003 codicis
1248 3942 1330 4002 illius

208 4030 324 4090 vetusti
347 4049 408 4107 quo
431 4031 647 4109 grammaticus
678 4051 752 4092 usus
783 4036 838 4105 est,
871 4032 1003 4108 pretium
1030 4032 1120 4093 facile
1142 4031 1329 4108 colligemus.

298 4243 325 4310 ll
343 4245 450 4300 Extant
468 4246 498 4300 11
517 4245 654 4315 excerptis
672 4246 896 4322 Frisingensibus
915 4265 1009 4306 uersus
1034 4247 1055 4316 Ι,
1075 4246 1100 4316 2,
1121 4245 1162 4302 19.
1182 4245 1224 4301 36.
1244 4244 1277 4298 41
1289 4264 1329 4322 sq.

207 4317 229 4386 I,
249 4317 274 4385 4,
294 4318 319 4376 9,
339 4317 387 4385 Ill,
406 4317 431 4387 2,
451 4318 465 4372 1
486 4336 526 4393 sq.
546 4317 604 4378 alii.
