3286 4978
652 463 848 522 ..7-

191 636 301 710 optime
323 639 360 695 ut
383 617 420 695 rie
443 635 604 694 Baehrensi
628 637 749 712 quidem
775 636 946 696 coniectura
972 636 1140 714 ,vigentes
1166 638 1241 697 mihi
1264 639 1310 698 vi·

191 726 298 784 deatur
313 725 494 800 necessariaq
518 725 609 784 ceteri
624 726 764 784 tradunt:
781 726 915 800 Repente
930 745 1037 786 nervos
1050 726 1160 786 excitet
1176 726 1309 788 libidine.

278 834 306 876 v.
334 821 375 879 44
399 815 441 873 F:
466 816 570 887 cesset,
594 815 702 874 ceteri:
726 814 831 890 possit.

278 903 313 962 In
336 907 422 963 tanta
445 903 542 980 igitur
565 905 673 963 codicis
691 904 845 964 Ouiaciani
860 905 1046 979 praestantia
1068 925 1105 964 ne
1128 904 1165 964 iis
1188 906 1310 982 quidem

188 994 259 1052 locis
283 994 395 1068 quibus
418 992 511 1054 ceteri
533 993 604 1052 libri
627 1013 722 1069 aeque
745 996 816 1070 apta
836 997 928 1068 atque
951 994 1001 1053 ille
1024 995 1211 1071 praebent1),
1236 996 1310 1072 quid

188 1083 228 1142 sit
249 1082 452 1153 iudicandum,
477 1083 616 1142 dubitare
639 1083 751 1143 licebit.
792 1083 980 1159 Quamquam
995 1102 1055 1142 non
1070 1084 1170 1144 deesse
1194 1103 1309 1158 versus,

189 1171 301 1249 quibus
323 1171 347 1230 Is
372 1172 487 1246 etipse
515 1175 677 1248 corruptus
712 1173 972 1249 interpolatusque
1007 1173 1047 1232 sit
1078 1173 1205 1250 ideoque
1239 1174 1309 1234 reli·

189 1279 319 1337 quorum
337 1261 473 1321 codicum
497 1262 678 1338 archetypus
700 1261 843 1321 maiorem
866 1265 1018 1322 mereatur
1041 1261 1151 1347 fidem,
1165 1281 1234 1323 cum
1258 1263 1310 1323 alii

188 1355 256 1409 tum
279 1351 425 1410 Aemilius
448 1351 648 1410 Baehrensius
679 1351 711 1409 in
732 1351 834 1410 libello
867 1370 939 1422 suo,
974 1351 1023 1412 cui
1054 1351 1233 1429 inscriptum
1265 1356 1310 1413 est

188 1440 370 1499 Tibullische
393 1441 514 1514 blattcr,
539 1460 589 1518 pg.
608 1445 648 1505 63
666 1459 711 1515 sq.
736 1460 790 1501 suo
814 1441 880 1499 iure
902 1445 1012 1502 monet.
1052 1441 1207 1502 Librarius
1231 1442 1309 1503 enim

188 1549 256 1589 cum
280 1530 406 1605 exempli
429 1531 527 1607 gratia
549 1531 580 1588 in
602 1550 637 1598 v.v
656 1528 711 1600 IV,
740 1537 767 1603 l,
793 1535 811 1594 2
844 1532 970 1589 verbum
993 1530 1125 1590 terrendi
1147 1549 1216 1590 cum
1239 1551 1309 1607 par·

83 1679 88 1696 Ι
188 1618 281 1678 ticula
308 1622 382 1694 ,ut“
408 1619 603 1678 coniunctum
616 1619 801 1697 'intellegere
823 1637 883 1678 non
906 1622 1016 1695 posset,
1040 1638 1144 1680 vocem
1165 1639 1243 1695 quae
1265 1624 1310 1681 est

191 1709 363 1782 ,valeant“,
387 1708 419 1766 in
447 1711 634 1784 „nequeant“
661 1707 737 1766 illud
760 1708 836 1768 falso
860 1709 1068 1769 commutavit.
1108 1708 1193 1768 Hanc
1216 1709 1309 1786 scrip·

187 1802 288 1856 turam
311 1801 349 1856 ut
371 1817 432 1856 una
456 1817 524 1856 eum
540 1799 741 1872 Lachmanno,
766 1797 819 1873 qui
844 1798 891 1856 vir
915 1798 1105 1858 doctissimus
1128 1797 1310 1873 particulam

190 1890 263 1961 „ut“
290 1887 478 1947 concedentis
502 1905 564 1946 esse
587 1887 743 1960 iudicavit,
768 1905 870 1946 veram
898 1907 1130 1964 germanamque
1153 1888 1308 1962 ducamus,

187 1977 253 2034 ideo
277 1976 385 2036 adduci
407 1994 466 2034 non
489 1995 658 2053 possumus,
683 1977 764 2052 quod
787 1977 818 2034 et
840 1977 1065 2038 coniunctiones
1084 1981 1306 2053 „quamquam“

189 2068 219 2124 et
245 2068 320 2139 ,ut“
347 2066 480 2124 eiusdem
503 2065 729 2144 significationis
752 2065 918 2142 particulas
950 2067 982 2125 in
1015 2067 1118 2126 eodem
1151 2065 1308 2126 enuntiato

186 2175 247 2214 una
271 2155 405 2214 adbiberi
435 2174 472 2213 ne
504 2156 583 2232 apud
615 2155 788 2233 panegyrici
822 2155 943 2231 quidem
974 2159 1094 2233 poetam
1126 2155 1310 2216 verisimile

187 2247 240 2317 est,
266 2264 363 2320 neque
386 2247 461 2304 bene
484 2245 665 2321 perspicitur
688 2244 940 2321 quemadmodum
962 2245 1051 2305 lectio
1075 2244 1126 2304 illa
1146 2245 1304 2320 „valeant“

187 2352 240 2409 pro
264 2335 320 2394 hac
351 2334 486 2393 faciliore
508 2334 666 2394 intellectu
693 2337 882 2409 ,nequeant“
908 2334 1043 2410 potnerit
1073 2334 1213 2411 irrepere.
1261 2333 1307 2393 Si·

186 2423 298 2483 militer
334 2423 481 2483 acodieis
516 2424 540 2482 ll
571 2423 694 2482 librario
725 2425 881 2500 peecatum
910 2442 973 2483 esse
995 2424 1117 2484 videtur
1140 2423 1171 2482 in
1196 2443 1225 2482 v.
1249 2422 1308 2496 ΙΙΙ,

187 2517 216 2586 4,
243 2518 303 2586 66;
328 2533 398 2572 nam
422 2513 540 2572 etiamsi
563 2512 716 2572 Ouiaciani
738 2513 845 2572 lectio:

399 2601 513 2662 Saevus
537 2621 619 2661 amor
642 2601 746 2661 docuit
769 2602 894 2661 verbera
917 2621 1007 2662 saeva
1030 2602 1094 2679 pati

186 2690 300 2749 nullam
314 2691 406 2751 habet
426 2692 626 2765 offensionem,
651 2695 751 2750 tamen
768 2691 948 2766 exquisitius
971 2691 1048 2750 illud
1072 2690 1189 2752 dicendi
1213 2711 1308 2769 genus

185 2780 394 2857 Lygdemique
417 2782 624 2858 proprium²):
653 2782 796 2854 ,verbera
820 2798 905 2855 posse
920 2781 1016 2856 pati“,
1042 2781 1122 2855 qnod
1146 2780 1176 2838 in
1197 2781 1308 2840 nostris

184 2869 270 2929 libris
301 2870 489 2942 invenimus,
522 2871 568 2928 illi
599 2869 720 2929 videtur
748 2869 995 2944 praeferendum.⁴
1034 2869 1137 2946 Atque
1162 2869 1252 2930 etiem
1276 2869 1308 2929 in

185 2978 214 3018 v.
239 2957 292 3033 IV,
319 2964 347 3030 5,
376 2965 415 3023 10
440 2961 477 3019 ab
500 2959 588 3018 Italis
612 2958 785 3018 emendato:

399 3048 431 3130 Si
453 3049 551 3120 modo,
576 3068 645 3109 cum
667 3048 704 3107 de
727 3069 774 3108 me
798 3048 924 3126 cogitat,
948 3047 1000 3106 ille
1022 3049 1101 3108 calet

184 3139 347 3214 fragmenti
370 3138 394 3196 p
426 3138 568 3197 librarius
592 3137 700 3198 codicis
723 3137 880 3213 archetypi
902 3137 1075 3209 lectionem,
1100 3156 1192 3213 quem
1215 3137 1306 3198 ceteri

184 3227 376 3287 tradiderunt
401 3227 533 3302 ,valet“,
557 3231 594 3287 ut
616 3228 782 3289 sententiae
805 3228 1003 3302 succurreret,
1028 3246 1120 3303 prave
1135 3226 1165 3284 in
1184 3228 1303 3304 „volet“

185 3321 384 3377 commutasse
406 3314 569 3392 videtur-³).

273 3407 381 3483 Neque
410 3409 512 3465 tamen
535 3409 598 3464 tam
621 3423 709 3480 saepe
740 3405 772 3464 in
796 3404 955 3465 Guiaciano
983 3405 1215 3482 interpolatione
1238 3424 1306 3482 peo-

184 3499 286 3554 oatum
319 3514 398 3566 esse,
433 3515 524 3571 quam
547 3494 747 3554 Baehrensius
770 3497 885 3566 censet,
908 3494 981 3553 mihi
1006 3495 1185 3570 persuadere
1209 3495 1305 3572 potui.

183 3585 407 3645 Perlustremus
431 3585 518 3645 modo
541 3585 640 3644 varias
663 3584 716 3642 has
739 3583 901 3644 lectiones:

274 3675 327 3746 IV,
357 3681 384 3746 1,
413 3679 474 3738 189
499 3673 540 3732 F:
577 3677 647 3734 ante
681 3676 777 3746 actos,
810 3672 919 3732 ceteri:
955 3673 1064 3733 accitos
1099 3674 1147 3733 vel
1182 3673 1305 3734 accitus.

184 3763 296 3836 Lectio,
321 3767 484 3841 quaeest:

274 3991 301 4059 1)
319 3993 406 4048 Velut
432 3994 479 4059 IV,
500 3993 524 4058 1,
544 3992 577 4046 78
597 3993 632 4046 Fr
651 3993 766 4060 erroris,
785 3992 885 4050 ceteri:
904 4009 1040 4060 errorum,
1060 3991 1107 4058 IV,
1129 3991 1159 4058 1,
1179 3991 1243 4046 161:
1268 3991 1305 4046 l'z

182 4063 272 4133 igitur
289 4061 336 4134 (gl)
366 4064 465 4120 ceteri:
484 4064 585 4120 ceteri:
605 4082 671 4135 ergo
689 4063 753 4135 (g0).

319 4154 420 4209 Confer
437 4154 485 4218 ΙΠ,
504 4152 529 4220 3,
549 4152 584 4206 32
603 4157 632 4208 et
650 4154 675 4216 6,
694 4153 737 4209 44.

319 4244 359 4298 De
377 4261 459 4298 versu
477 4243 525 4307 ΙΠ,
544 4242 570 4306 6,
589 4241 632 4308 44,
660 4245 693 4296 ut
714 4243 785 4298 mibi
810 4243 923 4316 quidem
941 4242 1067 4309 videtur,
1086 4241 1192 4318 optime
1211 4241 1305 4316 dispu-

183 4315 258 4380 tavit
275 4315 312 4372 M.
332 4314 526 4374 Rothsteiniue
546 4332 593 4389 pg.
613 4314 629 4367 8
649 4331 709 4388 sqq.
