3286 4978
750 407 1025 519 '-so-

359 629 456 689 forma
479 649 514 690 ex
537 629 687 706 scriptura
710 628 819 689 codicis
843 629 1000 692 cuiusdam
1015 632 1069 708 qui
1094 632 1286 693 exhibuerat:
1310 633 1378 710 Ipse
1401 635 1480 696 inter

358 737 465 796 greges
480 719 618 794 interque
635 720 702 792 etc,
726 738 797 779 voce
814 738 891 795 quaa
908 725 954 781 est
978 726 1074 798 „que“
1093 739 1183 798 super
1198 721 1281 798 prius
1297 725 1479 784 vocabulum

361 808 477 883 „inter“
513 807 731 884 superscripta;
769 809 850 884 quod
882 828 951 870 cum
980 812 1077 872 scriba
1107 830 1166 871 non
1197 813 1277 872 recte
1300 811 1478 892 intellegens

358 900 426 957 ante
450 915 552 956 vocem
578 895 693 970 „inter“
720 898 901 974 particulam
924 901 1018 974 illam,
1043 901 1140 961 forma
1162 902 1193 960 in
1214 906 1371 979 ,quoque“
1398 921 1478 962 com·

357 988 476 1045 mutata
511 985 566 1062 (sic
597 986 645 1045 vel
667 986 805 1051 similiter
827 989 942 1048 factum
966 992 1053 1066 puto)
1085 991 1279 1064 inseruisset,
1312 991 1420 1052 codicis
1451 993 1478 1050 A

358 1075 499 1135 librarius
529 1077 566 1134 ut
587 1076 690 1135 versui
714 1081 919 1150 succurreret,
951 1079 1132 1138 vocabulum
1157 1081 1236 1157 quod
1260 1084 1305 1141 est
1331 1086 1474 1161 „gregcs“

357 1164 388 1223 in
414 1168 541 1242 „agros“
568 1165 812 1238 transformavit,
845 1166 984 1226 Vaticani
1014 1169 1116 1226 autem
1140 1169 1237 1228 scriba
1260 1171 1409 1231 intactum
1431 1191 1478 1230 re·

356 1254 465 1329 liquit,
500 1253 545 1313 ita
567 1257 604 1314 ut
626 1259 707 1315 certe
730 1255 986 1331 Guelferbytanus
1017 1273 1192 1332 germanam
1224 1277 1329 1318 versus
1352 1261 1478 1320 formam

357 1343 497 1404 exhibeat
519 1343 614 1402 solus:

503 1430 571 1508 Ipse
594 1432 732 1506 interque
755 1450 861 1510 greges
884 1431 1023 1507 interque
1048 1435 1183 1491 armenta
1207 1431 1330 1509 Cupido.

446 1521 537 1581 Vides
560 1521 671 1599 quibus
699 1520 771 1579 locis
795 1521 885 1582 codex
908 1519 935 1581 G
958 1542 1027 1582 cum
1050 1539 1111 1580 uno
1135 1521 1267 1582 alterove
1291 1522 1424 1582 codicum
1449 1526 1476 1583 A

357 1614 387 1671 et
411 1611 438 1668 V
461 1611 636 1684 consentiat,
661 1610 749 1668 illum
771 1609 833 1671 fere
857 1630 959 1670 veram
983 1611 1141 1672 lectionem
1156 1613 1305 1690 praebere,
1330 1630 1399 1671 cum
1422 1615 1476 1671 aut

356 1702 385 1761 A
407 1705 462 1761 aut
484 1700 512 1757 V
537 1700 574 1760 ab
598 1700 754 1776 archetypi
777 1701 928 1777 scriptura
951 1701 1146 1761 aberraverit.
1157 1702 1180 1777 ¹)

445 1789 503 1849 Sed
536 1793 639 1850 extant
671 1790 762 1848 etiam
791 1790 959 1866 complures
982 1791 1057 1864 loci,
1083 1791 1195 1867 quibus
1220 1809 1299 1850 unus
1322 1790 1351 1849 A
1374 1794 1477 1851 contra

357 1898 533 1940 consensum
556 1879 685 1938 duorum
708 1878 837 1938 aliorum
860 1879 891 1939 id
914 1880 995 1955 quod
1020 1879 1201 1956 archetypus
1225 1879 1384 1955 praebuit,
1409 1900 1478 1956 pro-

357 1970 492 2046 pagavit,
517 1969 618 2028 velut:
655 1968 680 2040 Ι,
707 1973 736 2042 6,
764 1973 821 2033 12:
853 1969 890 2040 A,
904 1965 995 2031 A¹B:
1031 1972 1104 2029 tunc
1128 1969 1244 2048 (recte),
1269 1969 1351 2028 VG:
1388 1990 1477 2044 nunc,

357 2059 436 2135 quod
460 2059 569 2116 horum
592 2061 721 2134 uterque
749 2057 826 2117 falso
855 2060 978 2135 propter
1002 2058 1177 2117 antecedens
1204 2062 1321 2131 „nunc“
1348 2059 1477 2135 scripsit.

357 2146 398 2221 ΙΙ,
427 2154 454 2222 l,
480 2152 539 2211 22:
576 2146 659 2205 AB:
695 2146 826 2224 ingeret,
863 2145 945 2219 VG,
970 2143 1053 2206 A¹c:
1078 2146 1210 2225 ingerat,
1246 2147 1327 2223 quod
1362 2147 1477 2207 librarii

357 2236 555 2298 coniunctivis
590 2254 732 2295 versuum
770 2241 808 2300 19
843 2240 873 2296 at
903 2241 945 2300 20
978 2236 1099 2296 adducti
1132 2238 1334 2295 correxerunt.
1380 2235 1421 2307 Π,
1448 2243 1477 2309 5,

264 2388 272 2408 ,
359 2331 400 2391 64
411 2347 418 2385 2
444 2326 471 2384 A
482 2324 535 2385 Bd
546 2345 553 2384 z
578 2325 702 2398 Noscar,
726 2324 754 2380 V
767 2324 809 2385 G:
835 2325 957 2397 Noscat,
982 2325 1055 2385 falso
1079 2327 1298 2386 commutatum
1309 2346 1317 2396 ς
1341 2321 1378 2382 Α1
1389 2325 1434 2382 V²
1445 2344 1478 2389 ce

356 2418 437 2476 recle
461 2417 671 2475 correxerunt:
696 2412 816 2474 Vescar.
844 2413 898 2489 IV,
919 2420 946 2489 1,
967 2419 1025 2478 171
1040 2434 1046 2472 :
1071 2414 1099 2472 A
1114 2414 1139 2472 Β
1153 2412 1193 2474 0:
1216 2415 1307 2486 lenta,
1332 2414 1360 2470 V
1373 2412 1409 2488 G,
1426 2409 1477 2472 A¹:

357 2505 437 2586 lqta,
474 2523 605 2581 eprava
628 2503 817 2576 coniectura,
852 2524 921 2565 cum
944 2503 1058 2565 scribae
1081 2504 1229 2563 librorum
1252 2504 1364 2564 laetam
1386 2504 1480 2564 vitem

356 2597 393 2654 ut
415 2594 534 2670 saepius
558 2585 673 2654 diotam'
692 2611 755 2654 esse
777 2594 963 2670 putaverint.

446 2683 608 2744 Nonnullis
639 2702 710 2744 vero
742 2684 814 2746 locis
845 2683 953 2744 codicis
976 2683 1004 2741 A
1032 2683 1175 2743 librarius
1210 2687 1290 2744 recte
1325 2682 1479 2760 archetypi

356 2773 514 2834 lectionem
547 2773 730 2843 emendavit,
766 2774 868 2833 velut:
892 2774 917 2846 I,
944 2779 973 2845 3,
1002 2777 1059 2838 13:
1093 2771 1168 2844 VG,
1206 2769 1281 2832 A¹d2
1317 2792 1477 2848 nusquam,

357 2862 465 2922 ABc:
501 2883 665 2940 nunquam.
711 2863 752 2936 ΙΙ,
778 2868 808 2936 2,
836 2869 874 2927 19
907 2863 938 2922 in
962 2862 990 2921 A
1014 2863 1164 2938 particula
1195 2863 1264 2937 „et“
1291 2862 1399 2921 omissa
1423 2864 1476 2930 est,

357 2972 448 3028 quam
473 2951 538 3012 VG
562 2972 598 3012 ex
621 2952 782 3028 archetypo
805 2952 939 3017 tradunt.
987 2950 1040 3024 IV,
1069 2957 1095 3022 1,
1122 2957 1162 3014 55
1186 2949 1357 3026 deniqueA
1381 2949 1478 3007 solum

357 3042 477 3102 exhibet
503 3045 671 3116 „vertere“,
695 3059 764 3099 cum
786 3041 928 3101 librarius
951 3041 982 3098 id
998 3041 1078 3116 quod
1094 3040 1124 3097 in
1142 3039 1304 3114 archetypo
1321 3039 1477 3097 exaratum

358 3134 432 3204 erat,
457 3150 514 3190 non
539 3131 726 3208 intellegam,
758 3129 838 3191 sicut
861 3129 950 3189 etiam
974 3129 1047 3188 alias
1070 3127 1151 3202 fecit,
1175 3127 1355 3203 particulam
1382 3131 1473 3201 „con“

356 3221 443 3296 plane
466 3220 609 3280 omiserit.

445 3310 509 3369 Iam
534 3311 659 3386 apparet
681 3308 773 3369 libros
801 3309 883 3368 Aet
907 3306 934 3364 V
957 3305 1139 3367 auctoritate
1169 3305 1230 3366 fere
1261 3323 1347 3381 pares
1380 3325 1477 3382 nequa

356 3401 457 3458 tamen
486 3397 686 3474 interpolandi
709 3397 881 3458 temeritate
903 3397 992 3473 plana
1015 3396 1123 3456 liberos
1147 3413 1218 3469 esse,
1242 3413 1311 3454 cnm
1335 3395 1366 3454 in
1389 3399 1476 3455 utro-

357 3507 417 3564 que
452 3487 652 3563 aequabiliter
686 3490 887 3548 correctorum
926 3485 1173 3546 commutationes
1210 3484 1475 3560 deprehendamus.

356 3577 469 3636 Tamen
492 3577 590 3637 codice
614 3574 867 3653 Guelferbytano,
892 3595 981 3652 quem
1012 3573 1089 3634 alius
1112 3574 1242 3634 familiae
1266 3591 1328 3635 esse
1351 3575 1399 3634 hic
1422 3592 1476 3650 pro

357 3670 439 3726 certo
462 3684 558 3744 pono,
582 3665 661 3725 infra
683 3665 781 3725 fusius
804 3666 1023 3738 demonstrabo,
1049 3663 1199 3737 adhibito,
1231 3663 1339 3724 codicis
1362 3667 1398 3722 ut
1421 3664 1476 3722 hoc

357 3757 449 3816 verbo
472 3759 542 3816 utar
565 3755 698 3832 parentis
721 3753 765 3836 (et
789 3755 853 3814 eius
876 3774 911 3814 ex
934 3772 994 3830 quo
1017 3771 1124 3830 parens
1147 3756 1237 3813 natus
1260 3755 1318 3829 est)
1350 3753 1477 3830 speciem

358 3845 497 3924 colligere
525 3863 693 3922 possumus.
740 3841 814 3902 Erat
844 3842 895 3904 illa
927 3842 1149 3906 characteribus
1181 3843 1401 3922 langobardicis
1426 3863 1475 3902 ex-

357 3938 473 4006 aratus,
507 3934 538 3993 id
561 3934 640 4012 quod
672 3953 707 3992 ex
739 3933 848 3994 litteris
872 3952 894 3992 u
917 3936 947 3993 et
970 3953 999 4004 n,
1023 3954 1045 3993 u
1069 3937 1100 3992 at
1122 3953 1149 4008 a,
1173 3936 1287 4006 cett,
1317 3952 1348 3992 m
1380 3934 1411 3992 et
1433 3934 1475 4008 in,

358 4025 424 4085 aliis
446 4025 526 4084 inter
549 4043 579 4084 se
603 4023 734 4084 confusis
758 4023 874 4094 elucet,
910 4025 940 4083 et
969 4022 1059 4082 unius
1091 4021 1222 4082 familiae
1245 4025 1309 4082 erat
1331 4040 1475 4100 propago,

448 4239 473 4307 1)
491 4238 712 4294 Lachmanniani
727 4237 809 4292 modo
828 4255 890 4292 cum
905 4239 956 4293 hcc
969 4237 1050 4293 inodo
1065 4255 1126 4292 cum
1141 4237 1190 4290 illo
1209 4238 1367 4304 congruunt
1385 4253 1474 4304 nequo

357 4313 462 4368 cartam
481 4311 572 4382 legem
592 4311 671 4379 sequi
691 4310 827 4364 videntur.
