3286 4978
817 493 1035 553 ...M-

366 661 420 719 est.
460 660 538 719 Nam
560 660 663 736 paucis
686 661 746 722 illis
769 663 842 724 locis
866 667 976 744 quibus
993 688 1061 730 cum
1078 669 1316 752 Guelferbytano
1338 684 1487 761 congruit,

365 749 536 811 coniectura
559 749 607 809 rel
630 769 701 810 casu
724 752 833 814 codicis
857 757 1047 820 Ambrosiani
1070 762 1159 824 lectio
1180 764 1341 829 immutata
1356 771 1487 849 videtur,

364 838 466 897 velut:
491 839 515 911 Ι,
537 845 563 912 l,
583 844 641 903 78:
666 839 834 918 Despiciam
855 846 941 906 dites.
978 849 1002 920 Ι,
1022 857 1051 922 5,
1069 857 1129 916 32:
1155 855 1301 916 detrahet.
1335 857 1359 931 l,
1379 867 1407 932 9,
1427 868 1485 926 39:

362 926 482 991 faceres.
517 928 569 1000 IV,
595 933 625 1000 3,
652 934 712 994 20:
736 933 834 993 tende.
874 935 986 996 Versus
1010 939 1034 1010 Ι,
1064 947 1120 1017 10,
1147 949 1187 1009 46
1212 945 1369 1008 lectionem
1395 951 1488 1029 ,iuga

362 1017 492 1091 panda“,
527 1036 580 1095 pro
613 1039 672 1095 qua
702 1021 797 1098 ipsius
828 1024 942 1084 familia
966 1027 1086 1090 exhibet
1112 1033 1204 1110 ,iuga
1228 1042 1354 1110 curva“,
1379 1059 1486 1116 quam·

362 1124 454 1180 quam
490 1109 520 1165 et
552 1107 582 1165 iu
607 1106 846 1187 Guelferbytauo
871 1117 901 1172 et
924 1114 954 1171 in
979 1119 1126 1193 excerptis
1149 1122 1293 1186 Parisinis
1317 1130 1399 1188 extat
1422 1129 1485 1204 illa,

361 1198 460 1342 tapnepp
486 1216 521 1256 ex
537 1194 626 1255 Ovidi
643 1219 701 1258 am.
719 1199 770 1259 lib.
789 1201 814 1274 Ι,
837 1207 885 1272 13,
907 1207 956 1274 16,
982 1223 1042 1278 quo
1066 1206 1179 1268 Tibulli
1203 1231 1324 1274 versum
1348 1216 1486 1279 imitatus

361 1302 390 1340 es
459 1304 525 1345 aso:

524 1393 644 1467 „Prima
667 1412 753 1453 vocas
777 1396 877 1455 tardos
901 1400 957 1457 sub
981 1398 1053 1476 iuga
1076 1402 1175 1475 panda
1199 1406 1321 1478 boves“,

359 1502 499 1562 haustam
522 1523 593 1578 esse,
619 1504 793 1580 quicunque
816 1504 989 1566 Parisinum
1012 1507 1037 1565 B
1061 1526 1129 1568 cum
1152 1506 1389 1588 Guelferbytauo
1413 1535 1483 1575 con·

360 1593 476 1663 tulerit,
501 1593 574 1652 mihi
598 1594 781 1658 concedetb.

431 1680 512 1746 ,Iam
535 1683 615 1742 hune
647 1683 777 1743 codicem
808 1683 934 1744 missum
965 1687 1110 1748 faciamus
1138 1692 1169 1748 et
1192 1690 1229 1749 ad
1252 1693 1364 1750 ceteros
1387 1691 1482 1753 Lach-

358 1771 459 1830 manni
483 1772 593 1840 libror,
623 1771 839 1834 Eboraceusem
872 1771 907 1833 ΑΙ
931 1779 961 1834 et
992 1778 1129 1838 codicum
1162 1778 1319 1851 Wittiaui,
1354 1779 1482 1854 Batiam,

358 1860 528 1920 Askewiaui
552 1863 666 1920 fontem
689 1881 876 1923 communem
900 1863 922 1924 O
946 1867 1155 1928 examinandos
1178 1872 1376 1930 transeamus.

571 2098 619 2157 lv.
638 2098 679 2154 Ile
698 2101 850 2158 codicibus
868 2100 1114 2158 Lachmanuiaula
1132 2102 1164 2157 ΑΙ
1184 2103 1214 2158 et
1232 2101 1261 2160 0.

446 2227 540 2298 Quam
564 2228 700 2288 celeriter
723 2230 764 2288 eis
788 2229 989 2304 temporibuS,
1015 2230 1126 2306 quibus
1150 2229 1220 2290 libri
1243 2230 1479 2291 Lachmauuiani

356 2316 456 2375 ABG
481 2318 594 2376 exarati
625 2320 715 2390 sunt,
747 2318 997 2394 interpolatorum
1027 2320 1181 2379 temeritas
1204 2319 1418 2395 corruptioque
1441 2320 1478 2378 li-

355 2407 480 2466 brorum
502 2407 709 2482 processerint,
734 2427 769 2466 ex
793 2407 893 2468 codice
908 2407 1054 2482 Parisiu0,
1079 2409 1133 2484 qui
1157 2408 1278 2485 quidem
1295 2409 1391 2468 multo
1415 2429 1478 2468 ma-

356 2495 402 2574 gis
424 2495 573 2556 foedatam
599 2499 723 2573 praebet
746 2497 873 2573 speciem
897 2516 989 2574 quam
1020 2498 1153 2558 eiusdem
1186 2498 1288 2575 stirpis
1312 2497 1478 2558 Vaticanus

354 2585 457 2660 paucis
481 2586 630 2645 decenniis
654 2590 724 2646 ante
747 2586 887 2663 scriptus,
912 2605 1003 2665 supra
1026 2587 1100 2646 satis
1123 2587 1336 2648 intelleximus.
1370 2587 1478 2665 Itaque

354 2693 440 2733 nemo
463 2675 626 2752 mirabitur
649 2677 775 2737 eundem
799 2677 847 2736 vel
877 2677 967 2738 etiam
991 2677 1134 2737 maiorem
1161 2677 1384 2754 depravationis
1408 2696 1477 2753 pro-

355 2783 490 2842 gressum
522 2764 553 2824 iu
586 2766 686 2826 codice
717 2785 838 2843 quoque
862 2765 1042 2826 Eboracensi
1065 2767 1255 2843 deprehendi.
1303 2765 1362 2836 Qui
1385 2767 1476 2826 codex

355 2872 539 2929 quamquam
573 2854 757 2916 Lachmauni
772 2854 798 2932 ²)
833 2856 945 2916 iudicio
978 2856 1231 2932 praeclarissimus
1265 2856 1475 2925 recentiorum,

354 2962 413 3002 uon
448 2944 536 3003 modo
570 2944 719 3004 Italorum
759 2945 896 3004 versibus
935 2945 1164 3017 commentata,
1204 2944 1315 3019 quibus
1354 2943 1475 3001 lacunas

354 3035 472 3107 apertas
496 3034 660 3093 studebant
676 3034 803 3108 explere,
828 3033 1007 3109 inquinatus
1031 3036 1086 3100 est,
1112 3034 1163 3092 sed
1179 3031 1346 3106 complures
1361 3029 1476 3089 Tibulli

353 3140 457 3181 versus
482 3122 644 3200 genuinos,
676 3123 762 3182 velut
784 3121 809 3193 I,
836 3127 865 3192 2,
892 3127 943 3186 25.
970 3127 1021 3186 26.
1057 3120 1111 3190 IV,
1141 3126 1173 3191 l,
1198 3125 1240 3183 40
1264 3121 1352 3195 plane
1375 3119 1477 3178 omisit

352 3231 449 3288 neque
465 3212 562 3270 ullum
579 3211 640 3270 fere
663 3212 762 3271 locum
779 3211 938 3287 paululum
954 3209 1152 3269 difficiliorem
1176 3208 1327 3268 intactum
1342 3207 1475 3284 reliquit.

352 3298 410 3358 Sed
434 3300 491 3360 etsi
513 3301 559 3360 his
584 3300 665 3360 vitiis
687 3301 758 3360 libri
789 3299 954 3360 auctoritas
986 3299 1142 3375 aliquanto
1175 3297 1343 3370 minuitur,
1375 3300 1475 3358 tamen

351 3407 410 3448 nou
434 3409 519 3450 omne
542 3390 674 3466 pretium
707 3392 744 3450 ob
769 3409 833 3448 eam
855 3409 918 3448 rem
943 3389 969 3450 ei
993 3392 1037 3449 est
1061 3387 1307 3461 abiudicandum,
1333 3388 1474 3463 quoniam

352 3479 440 3538 certis
464 3479 669 3557 argumentis,
706 3500 742 3539 ex
774 3498 835 3555 quo
868 3479 946 3539 libro
968 3476 1090 3537 fluxerit
1113 3476 1158 3555 (id
1181 3477 1262 3552 quod
1284 3477 1317 3535 in
1340 3476 1475 3536 Parisino

351 3568 448 3628 facere
471 3568 572 3650 licuit)
598 3568 733 3628 evincere
757 3569 926 3645 nequimus.
974 3565 1039 3626 Hoc
1070 3568 1149 3625 certe
1179 3565 1240 3625 iam
1271 3585 1351 3626 nuuc
1374 3586 1409 3626 ex
1433 3564 1475 3625 eis

352 3661 473 3734 quasin
490 3658 589 3718 codice
605 3655 629 3714 B
645 3658 804 3718 tractando
820 3656 1013 3733 protulimus
1031 3653 1226 3715 blboraeeusis
1243 3651 1277 3714 ΑΙ
1296 3655 1474 3716 lectionibus

352 3766 495 3824 apparere
529 3746 603 3805 mihi
637 3746 777 3817 videtur,
807 3746 891 3805 aliud
924 3744 1111 3823 cognationis
1144 3764 1239 3823 genus
1262 3745 1353 3820 idque
1377 3745 1474 3804 multo

442 3973 468 4042 1)
487 3974 624 4030 Similiter
650 3976 680 4029 in
704 3975 757 4031 Pro
779 4017 785 4030 .

351 4046 478 4100 codicum
496 4047 706 4102 Daventriensis
726 3995 897 4102 crinciunt
919 4047 1047 4113 ,credula
1066 4046 1150 4101 turba
1168 4044 1257 4101 iaces“
1278 4062 1329 4115 pro
1346 4043 1475 4110 ,credula

351 4118 411 4172 sola
430 4117 518 4172 iaces“
541 4135 575 4173 ex
594 4118 749 4174 Tibulliani
767 4119 857 4174 libelli
880 4137 906 4174 v.
926 4118 973 4186 lV,
992 4119 1018 4186 4,
1039 4117 1088 4174 18:
1117 4118 1246 4186 ,credula
1270 4115 1353 4172 turba
1378 4111 1471 4169 seder*

351 4193 448 4244 exorta
466 4190 586 4245 videtur.

440 4287 468 4354 2)
486 4265 586 4343 Paullo
605 4287 691 4344 etiam
710 4287 773 4360 plus
793 4305 878 4358 quam
896 4288 1091 4344 Lachmanuus
1110 4285 1175 4340 huic
1194 4281 1283 4339 codici
1301 4280 1402 4336 tribuit
1419 4279 1473 4336 Lu·

351 4358 446 4413 cianus
467 4359 592 4424 Mueller,
612 4359 654 4415 od.
674 4362 761 4431 prael.
781 4379 827 4431 pg.
847 4361 880 4416 X.

811 3995 836 4030 v.
856 3975 896 4040 Π,
916 3975 964 4040 21,
983 3975 999 4029 6
1026 3974 1098 4030 mira
1117 3974 1173 4028 'illa
1198 3973 1321 4029 varietas
1346 3971 1474 4028 lectionis
