3286 4978
627 443 847 510 ...53-

178 642 247 682 nem
278 622 439 687 duxerunt.
495 623 578 682 Idem
612 623 688 682 liber
734 623 860 682 tertium
895 625 1098 700 quartumque
1132 624 1298 683 carminum

178 711 314 771 libellum
345 732 413 772 cum
443 713 537 772 altero
569 713 741 772 coniunctos
775 712 942 772 exhibuisse
966 712 1096 788 videtur,
1122 733 1191 772 cum
1215 714 1296 772 flori·
1371 717 1394 788 ]
1460 781 1462 784 ,

179 801 292 878 legium
325 802 465 880 gallicum
493 819 594 860 omnes
624 801 694 861 libri
717 801 801 861 tertii
824 821 929 861 versus
952 802 1081 862 secundo
1104 803 1223 862 tribuat
1247 823 1297 862 ex-

178 891 348 966 cerptisque
370 891 440 950 libri
472 891 573 967 quarti
595 891 675 950 hunc
698 892 795 950 solum
818 892 946 950 titulum
974 892 1191 968 „panegyricus
1218 892 1296 951 Mes·

177 980 276 1039 salae“
312 980 361 1046 tIn
390 980 567 1058 panegorico
602 981 724 1054 mesala,
756 983 799 1052 n.)
832 984 1005 1056 praeponat.
1053 979 1119 1050 Qua
1148 982 1184 1040 de
1208 1000 1297 1040 causa

176 1069 267 1128 codex
290 1069 341 1128 ille
365 1088 454 1144 quem
478 1069 517 1126 M.
544 1069 697 1145 Hauptius
728 1070 758 1127 in
790 1069 924 1146 catalogo
949 1072 1049 1131 vetere
1079 1071 1191 1129 saeculi
1214 1069 1257 1128 IX
1272 1070 1296 1148 ¹)

176 1158 364 1218 nominatum
395 1159 543 1234 repperit:
576 1158 678 1232 „Albii
701 1159 815 1218 Tibulli
840 1159 893 1218 lib.
918 1158 967 1216 II“
1004 1158 1041 1217 ad
1073 1159 1149 1219 hanc
1172 1160 1297 1234 stirpem

175 1247 325 1322 pertinere
349 1249 511 1307 censendus
528 1250 582 1320 est,
607 1266 665 1306 non
682 1249 719 1306 ad
736 1248 886 1323 exemplar
902 1247 1023 1323 aliquod
1040 1248 1294 1324 antiquissimum,

175 1335 208 1394 in
246 1355 306 1412 quo
350 1337 481 1396 carmina
518 1337 794 1412 pseudotibulliana
837 1337 938 1414 elegiis
978 1337 1126 1415 germanis
1164 1338 1296 1396 nondum

176 1425 290 1483 fuerint
312 1427 436 1485 adiecta.
481 1426 559 1484 Nam
582 1426 612 1483 in
636 1427 742 1486 ceteris
766 1445 886 1502 quoque
910 1427 1061 1486 codicibus
1085 1427 1197 1504 elegiae
1214 1427 1295 1504 Lyg-

175 1514 256 1572 dami
279 1518 383 1596 postea
407 1536 424 1574 a
448 1515 579 1574 librariis
603 1515 644 1574 eis
668 1517 721 1591 qui
743 1516 874 1591 primum
898 1516 1010 1575 librum
1026 1515 1140 1586 Deliae,
1166 1517 1295 1574 alterum

177 1603 296 1663 Nemesi
329 1605 464 1664 deditum
488 1605 646 1675 videbant,
675 1605 750 1664 liber
780 1604 889 1664 tertius
920 1606 957 1664 de
988 1605 1139 1664 amoribus
1163 1605 1296 1664 Neaerae

175 1692 334 1769 inscriptae
364 1712 426 1753 esse
460 1693 618 1766 videntur,
651 1695 777 1753 necdum
809 1695 928 1753 omnino
961 1695 1091 1754 carmina
1123 1695 1194 1754 haec
1225 1694 1295 1754 libri

174 1781 259 1840 tertii
294 1803 327 1842 ac
361 1783 480 1859 quarti,
519 1783 549 1841 id
585 1783 664 1860 quod
692 1783 889 1842 Baehrensius
924 1783 955 1841 in
985 1784 1087 1843 libello
1118 1802 1172 1842 suo
1209 1783 1293 1858 „Tib

175 1871 306 1930 blattam
332 1891 381 1950 pg.
405 1878 445 1935 47
470 1891 534 1948 sqq.
560 1872 695 1954 evincere
719 1873 848 1946 studuit,
873 1873 1032 1948 separatim
1057 1873 1174 1932 alibro
1198 1874 1294 1933 altero

175 1960 254 2018 edita
277 1979 339 2021 esse
362 1962 449 2037 plane
473 1962 598 2020 constat.

262 2067 343 2127 Haeo
376 2069 490 2146 igitur·
505 2069 541 2127 dc
575 2069 668 2144 stirpe
702 2069 811 2128 codicis
841 2067 865 2128 Ο
904 2072 1031 2144 possunt
1065 2069 1220 2140 concludi;
1256 2070 1293 2129 dc

175 2155 334 2217 Ouiaciano
358 2177 428 2217 vcro
452 2158 502 2216 vix
535 2159 608 2218 certi
641 2158 808 2233 quidquam
837 2158 1017 2222 invenietur.
1065 2159 1124 2218 Ubi
1155 2159 1233 2217 enim
1257 2160 1294 2217 ad

173 2244 197 2305 0
222 2247 384 2307 adventum
415 2247 473 2320 sit,
505 2251 585 2306 recte
616 2247 659 2306 ait
691 2247 932 2322 Baehrensius,²)
966 2249 1047 2306 omni
1078 2249 1128 2307 via
1162 2249 1293 2323 praecisa

173 2337 396 2396 subsistendum
428 2355 489 2396 esse
513 2337 540 2395 ei
572 2337 625 2412 qui
653 2357 730 2412 quae
753 2337 816 2395 fata
839 2335 944 2412 poetae
968 2337 1063 2397 nostri
1087 2337 1219 2397 carmina
1241 2357 1294 2413 per

174 2426 334 2503 antiquum
365 2427 557 2501 mediumque
589 2445 697 2485 aevum
720 2426 885 2497 subierint,
917 2429 1023 2502 procul
1046 2427 1158 2487 habitis
1183 2427 1292 2486 ariola-

173 2515 307 2575 tionibus
332 2516 484 2590 explorare
507 2515 598 2586 velit;
631 2516 763 2591 adeoque
787 2516 894 2575 abhinc
918 2516 1017 2574 omnia
1039 2517 1139 2594 spissis
1163 2516 1294 2576 tenebris

174 2623 235 2663 esse
259 2605 379 2677 obruta,
404 2607 440 2663 ut
462 2623 560 2679 neque
584 2605 765 2680 quibusnam
797 2605 982 2682 cognationis
1012 2606 1156 2684 gradibus
1180 2603 1204 2664 Ο
1229 2625 1245 2662 a
1269 2605 1293 2664 F

174 2695 204 2752 et
227 2693 303 2752 Fris.
328 2695 488 2771 tangatur,
521 2713 617 2769 neque
640 2713 711 2752 vero
735 2715 769 2753 ea
793 2714 870 2769 quae
893 2693 976 2753 ultra
1000 2695 1052 2754 hos
1075 2695 1167 2755 libros
1193 2713 1293 2754 ascen·
1369 2720 1373 2728 ⁴

172 2782 245 2840 dant
276 2785 411 2858 tempora
442 2782 585 2858 dispicere
608 2783 765 2857 possimus.
812 2782 877 2842 Hoc
909 2787 1030 2843 tantum
1062 2784 1132 2844 licet
1166 2784 1291 2860 opinari,

172 2871 375 2950 Frisingensia
398 2892 433 2931 ex
456 2872 532 2931 libro
556 2872 663 2931 codicis
688 2870 712 2931 Ο
744 2872 834 2932 simili
864 2873 1036 2952 pariterque
1066 2873 1206 2932 lacunoso
1231 2892 1292 2932 esse

172 2964 329 3037 excerpta3
365 2961 499 3037 alioquin
529 2961 608 3019 enim
638 2961 691 3020 illa
714 2981 835 3021 versum
859 2981 980 3039 quoque
1004 2963 1210 3022 hexametrum
1234 2961 1290 3035 ΙΙΙ,

173 3055 202 3120 4,
229 3055 269 3114 65
294 3070 356 3109 una
379 3071 449 3111 oum
471 3052 659 3126 pentametro
684 3051 867 3110 exhiberent.

173 3246 206 3258 ..
259 3158 365 3219 Restat
395 3163 432 3219 ut
464 3161 590 3218 stemma
621 3159 757 3218 codicum
788 3159 887 3236 quoad
916 3159 1060 3220 constitui
1090 3161 1189 3236 potest
1219 3161 1291 3218 sub·

170 3267 305 3312 1cramuS.
540 3261 542 3264 ’

552 3856 619 3920 rar.
770 3857 817 3938 (a)
864 3857 892 3917 A

744 3944 909 3990 —tt—l'

258 4255 284 4322 1)
303 4257 423 4311 Hermae
442 4255 627 4312 Berolinensis
646 4257 700 4312 rol.
719 4256 767 4323 Ill,
787 4277 833 4328 pg.
853 4258 913 4314 221.

256 4357 283 4424 2)
302 4359 369 4414 edit.
388 4359 448 4413 Tib.
468 4359 574 4429 proleg.
593 4378 640 4430 pg.
660 4359 711 4412 XX
730 4377 770 4430 sq.
