3286 4978
644 474 862 533 -15-

325 663 380 716 ΙΙΙ.
400 662 441 716 Dc
462 660 593 717 Vincentl
613 659 830 748 Bellovaceasts
849 661 878 714 et
896 657 1040 727 scaligeri
1059 658 1178 726 eclogls.

281 791 325 851 De
349 790 498 867 excerptis
522 789 729 850 Vincentianis
761 810 839 867 quae
862 787 935 848 Otto
959 789 1119 850 Richterus
1143 788 1174 846 in
1205 788 1312 847 disser-

191 882 305 941 tatione
335 882 371 941 de
393 880 480 940 Vina.
512 879 661 940 Bellonae.
688 879 833 955 excerptis
864 878 1042 939 Tibullianis
1054 876 1078 961 ¹)
1111 879 1312 950 contenderat,

190 971 337 1032 Ernestus
360 969 535 1030 Protzenius
559 969 589 1028 in
613 970 715 1030 libello
740 988 804 1043 suo,
836 989 925 1044 quem
957 986 1049 1044 supra
1072 966 1312 1038 memoravimus

191 1062 306 1138 optime
330 1060 466 1120 correxit.
514 1058 582 1118 Non
605 1059 685 1118 enim
700 1058 839 1118 Vincenti
863 1058 978 1136 eclogas
995 1059 1113 1118 easdem
1137 1076 1199 1118 esse
1222 1061 1314 1133 atqua

192 1149 401 1227 Scaligeranas
424 1169 519 1226 neque
542 1149 629 1207 illum
645 1149 755 1208 saeculi
770 1148 847 1207 XIII
866 1148 1041 1224 scriptorem
1065 1147 1183 1224 integro
1200 1146 1313 1206 Tibulli

195 1240 298 1298 codice
321 1258 409 1298 usum
432 1257 502 1309 esse,
536 1239 586 1298 sed
611 1258 646 1297 ex
669 1257 730 1296 uno
755 1239 917 1313 eodemque
941 1240 1033 1312 atque
1057 1257 1126 1296 oum
1150 1237 1204 1312 qui
1221 1235 1313 1296 Scali-

199 1329 264 1405 geri
287 1329 399 1406 eclogas
422 1327 607 1404 conscripsit,
641 1327 775 1388 hausisse
807 1327 900 1396 fonte,
932 1327 1021 1386 certis
1052 1327 1221 1386 rationibus
1244 1345 1313 1402 pro-

198 1417 289 1476 barit.
336 1417 428 1486 Quem
452 1418 566 1477 fontem
582 1437 651 1476 cum
666 1438 716 1495 pg.
733 1422 773 1482 36
798 1418 931 1476 censeret
947 1415 1128 1493 florilegium
1143 1415 1314 1474 Parisinum

196 1525 252 1564 non
275 1507 375 1579 fuisse,
400 1525 473 1566 casu
488 1507 584 1585 magis
602 1525 695 1582 quam
718 1506 807 1582 culpa
823 1505 969 1565 erravisse
993 1505 1131 1565 ridetur:
1155 1504 1210 1564 tali
1235 1505 1313 1564 onim
1419 1529 1421 1534 ·

193 1595 420 1655 ratiocinatione
443 1615 517 1655 usus
542 1598 596 1668 est,
622 1595 816 1656 Vincentium
842 1595 867 1655 si
891 1595 1172 1655 Nostradamensem
1183 1596 1208 1670 1)
1233 1594 1313 1654 codi-

192 1704 264 1756 cem,
282 1705 372 1762 quem
384 1685 482 1744 solum
494 1706 529 1745 ex
542 1684 706 1744 Woelfflini
718 1685 922 1761 disputatione
934 1686 1117 1762 cognoverat
1127 1683 1312 1754 Protzenius‚

193 1776 396 1850 excerpsisset‚
421 1795 481 1834 non
496 1775 663 1836 Tibullium
678 1777 798 1855 poetam
823 1774 915 1835 fuisse
931 1776 1120 1845 vocaturum,
1145 1793 1214 1833 cum
1229 1772 1313 1830 Pari-

195 1863 258 1922 sina
281 1867 421 1940 excerpta
451 1864 702 1924 inscriberentur:
741 1864 900 1940 „Tibullus
933 1864 970 1923 da
996 1863 1141 1922 felicitate
1172 1863 1313 1939 pauperis

196 1953 310 2025 vitae“;
346 1972 443 2028 neque
466 1956 528 2012 tres
552 1954 631 2013 locos
655 1974 673 2011 a
696 1953 843 2030 florilegio
867 1953 979 2015 alienos
1002 1953 1027 2024 Ι,
1055 1959 1082 2025 1,
1111 1958 1205 2016 1-4.
1230 1951 1256 2022 Ι,
1282 1957 1312 2024 8,

197 2047 247 2105 46.
271 2042 296 2114 Ι,
323 2048 352 2112 9,
379 2046 418 2106 52
444 2043 549 2102 afferre
572 2043 716 2118 potuisse.

282 2132 325 2190 At
348 2136 451 2192 extant
473 2133 504 2190 in
528 2135 659 2208 utroque
683 2131 823 2209 florilegii
845 2131 974 2191 Parisini
1004 2131 1103 2191 codice
1127 2149 1232 2192 versus
1256 2129 1312 2204 illi,

193 2223 223 2279 et
238 2239 344 2281 nomen
358 2221 483 2281 Tibullii
506 2222 559 2281 illa
575 2225 674 2282 aetate
689 2222 845 2280 hominum
861 2221 987 2281 auribus
1009 2225 1073 2280 tam
1093 2225 1162 2298 apte
1178 2220 1312 2279 sonuisse

192 2310 323 2384 ridetur,
348 2314 385 2369 ut
408 2311 480 2370 haec
502 2311 631 2371 nominis
654 2312 751 2370 forma
775 2315 851 2371 esset
875 2311 1089 2383 usitatissima;
1119 2311 1150 2369 id
1174 2310 1255 2385 quod
1278 2328 1313 2367 ex

193 2419 226 2458 eo
251 2399 382 2459 efficitur
405 2401 487 2476 quod
518 2401 609 2460 etiam
638 2401 663 2459 is
696 2401 749 2476 qui
774 2400 975 2478 Frisingensia
1007 2403 1145 2475 excerpta
1174 2398 1312 2472 confecit,

195 2490 305 2548 saeculi
317 2489 360 2547 XI
385 2491 598 2567 grammaticus
610 2489 646 2565 ³),
671 2491 803 2565 primum
819 2489 939 2566 scripsit
954 2490 1088 2560 Tibullii,
1111 2492 1214 2565 postea
1230 2489 1313 2564 geni-

198 2577 293 2636 tivum
314 2579 418 2638 littera
441 2580 450 2637 i
475 2597 559 2638 erasa
582 2581 612 2638 in
636 2579 750 2638 Tibulli
773 2579 899 2640 formam
933 2578 1081 2650 mutavit3
1117 2580 1177 2639 huc
1200 2577 1314 2637 accedit

198 2668 275 2744 quod
303 2668 367 2744 ipse
390 2668 545 2728 Parisinus
576 2671 652 2729 alter
686 2671 770 2732 7647
805 2689 894 2745 quem
923 2669 1100 2745 Meynckius
1132 2667 1312 2744 divulgavit,

197 2755 313 2816 exhibet
340 2757 537 2832 ,Tibullius.“
587 2759 792 2819 Certissimum
809 2777 880 2817 vero
905 2761 1118 2834 argumentum
1135 2775 1195 2834 quo
1210 2759 1313 2815 nostra

193 2847 344 2906 sententia
366 2849 521 2922 probetur,
557 2849 612 2908 hoc
641 2847 715 2906 mihi
738 2847 869 2922 videtur,
904 2848 985 2923 quod
1008 2847 1038 2906 in
1062 2845 1214 2906 Vincentii
1236 2846 1313 2904 libro

193 2938 223 2994 et
246 2936 277 2994 in
300 2935 454 3014 florilegiis
477 2937 621 2996 Parisinis
654 2938 772 2997 eaedem
796 2937 989 3012 reperiuntur
1012 2954 1156 2995 versuum
1178 2936 1313 3009 lacunae,

193 3025 279 3084 velut
301 3025 332 3084 in
355 3025 413 3099 III,
439 3031 468 3096 3,
498 3033 533 3090 11
561 3045 617 3103 sq,
649 3027 703 3085 ubi
732 3025 762 3084 in
796 3026 936 3101 utrisque
968 3026 1114 3102 excerptis
1137 3042 1243 3086 versus
1270 3030 1311 3088 14

193 3118 223 3173 et
251 3121 289 3178 15
314 3118 386 3174 sunt
408 3115 518 3174 omissi.

284 3203 359 3262 (lum
374 3205 471 3282 igitur
483 3204 698 3265 Vincentianae
715 3206 833 3283 eclogae
848 3225 907 3264 non
922 3205 980 3269 nisi
995 3203 1174 3264 lectionibus
1189 3203 1313 3262 minutis

198 3293 369 3372 atlorilegii
393 3294 521 3352 Parisini
551 3295 650 3354 codice
675 3295 836 3371 archetypo
869 3295 1045 3370 discrepent,
1082 3313 1179 3368 neque
1201 3293 1313 3352 maiore

198 3399 287 3455 quam
314 3383 389 3442 illud
419 3383 511 3444 fuisse
544 3385 662 3444 ambitu
685 3383 855 3454 videantur,
889 3383 963 3459 quin
997 3384 1087 3443 etiam
1118 3383 1240 3442 lacunas
1265 3402 1312 3442 ex-

195 3469 317 3529 hibeant
338 3473 466 3544 easdem,
491 3472 685 3534 Vincentium
708 3474 807 3532 codice
823 3473 953 3548 quodam
969 3472 1109 3550 florilegii
1124 3472 1207 3532 illius
1223 3491 1313 3531 usum

194 3577 257 3619 esse
279 3566 412 3638 apparet.

283 3649 362 3720 Quas
386 3654 488 3711 autem
511 3650 643 3730 Scaliger
665 3651 804 3711 adhibuit
828 3651 944 3730 eclogas
967 3651 1154 3711 Tibullianas
1177 3670 1212 3708 ex
1227 3650 1312 3708 Pari·

197 3738 258 3797 sino
280 3739 420 3819 florilegii
445 3760 604 3817 emanasse,
632 3741 688 3801 hac
710 3742 827 3800 ratione
850 3744 950 3817 potest
973 3741 1079 3801 evinci.
1127 3739 1210 3810 Quae
1233 3740 1313 3799 inter

195 3831 322 3906 utraque
348 3833 487 3908 excerpta
503 3833 606 3891 extant
621 3831 838 3907 discrepantiae
861 3831 1029 3890 levissimae
1045 3849 1177 3906 casuque
1193 3833 1313 3889 exortae

191 3923 272 3978 sunt.
320 3920 363 3979 Ut
386 3939 481 3996 pauca
497 3921 619 3980 afferam
635 3922 777 3997 exempla,
801 3921 833 3979 in
849 3921 902 3983 lib.
927 3919 952 3995 I,
981 3927 1009 3993 1,
1033 3925 1075 3984 44
1096 3922 1234 3994 excerpta
1257 3937 1312 3976 sua

283 4149 309 4217 1)
329 4150 489 4205 dissertatio
508 4169 533 4206 a.
554 4150 622 4206 1865
642 4151 756 4206 Bonnae
775 4151 884 4206 emissa.

282 4239 309 4304 2)
329 4241 358 4294 id
377 4244 419 4296 est
438 4241 595 4295 Parisinum
614 4240 757 4295 11017903.

281 4329 310 4396 3)
328 4332 373 4384 v‘el
391 4331 485 4402 potins
503 4330 634 4386 librarius
652 4331 736 4400 paulo
755 4329 900 4384 recentior.
