<?xml version="1.0" encoding="UTF-8"?>
<!DOCTYPE html PUBLIC "-//W3C//DTD XHTML 1.0 Transitional//EN"
    "http://www.w3.org/TR/xhtml1/DTD/xhtml1-transitional.dtd">
<html xmlns="http://www.w3.org/1999/xhtml" xml:lang="en" lang="en">
 <head>
  <title>
</title>
<meta http-equiv="Content-Type" content="text/html;charset=utf-8" />
  <meta name='ocr-system' content='tesseract 3.04.00' />
  <meta name='ocr-capabilities' content='ocr_page ocr_carea ocr_par ocr_line ocrx_word'/>
</head>
<body>
  <div class='ocr_page' id='page_1' title='image "./decodicibustibu00leongoog_0052.png"; bbox 0 0 3286 4978; ppageno 0'>
   <div class='ocr_carea' id='block_1_1' title="bbox 213 1223 1237 1434">
    <p class='ocr_par' dir='ltr' id='par_1_1' title="bbox 213 1223 1237 1434">
     <span class='ocr_line' id='line_1_1' title="bbox 530 1223 919 1290; baseline 0.008 -3"><span class='ocrx_word' id='word_1_1' title='bbox 530 1223 679 1288; x_wconf 82' lang='grc' dir='ltr'>οΑΡ11Τ</span> <span class='ocrx_word' id='word_1_2' title='bbox 700 1223 919 1290; x_wconf 66' lang='lat' dir='ltr'><strong>Teanum,</strong></span> 
     </span>
     <span class='ocr_line' id='line_1_2' title="bbox 213 1347 1237 1434; baseline 0.001 -13"><span class='ocrx_word' id='word_1_3' title='bbox 213 1369 236 1424; x_wconf 92' lang='grc'><strong>1.</strong></span> <span class='ocrx_word' id='word_1_4' title='bbox 256 1367 299 1420; x_wconf 81' lang='lat' dir='ltr'><strong>Ilo</strong></span> <span class='ocrx_word' id='word_1_5' title='bbox 318 1364 669 1434; x_wconf 72' lang='grc'>001101111011011111111</span> <span class='ocrx_word' id='word_1_6' title='bbox 687 1362 712 1420; x_wconf 73' lang='lat' dir='ltr'>G</span> <span class='ocrx_word' id='word_1_7' title='bbox 730 1365 761 1420; x_wconf 89' lang='lat' dir='ltr'><strong>ct</strong></span> <span class='ocrx_word' id='word_1_8' title='bbox 778 1365 916 1433; x_wconf 76' lang='lat' dir='ltr'><strong>llorllcgll</strong></span> <span class='ocrx_word' id='word_1_9' title='bbox 934 1347 1237 1433; x_wconf 75' lang='lat' dir='ltr'><strong>galliol&#39;cognaslone.</strong></span> 
     </span>
    </p>
   </div>
   <div class='ocr_carea' id='block_1_2' title="bbox 160 1492 1287 1750">
    <p class='ocr_par' dir='ltr' id='par_1_2' title="bbox 160 1492 1287 1750">
     <span class='ocr_line' id='line_1_3' title="bbox 254 1492 1286 1572; baseline 0.001 -19"><span class='ocrx_word' id='word_1_10' title='bbox 254 1493 377 1553; x_wconf 79' lang='lat' dir='ltr'><strong>Carolus</strong></span> <span class='ocrx_word' id='word_1_11' title='bbox 408 1492 618 1554; x_wconf 89' lang='lat' dir='ltr'><strong>Lachmannus</strong></span> <span class='ocrx_word' id='word_1_12' title='bbox 656 1493 688 1551; x_wconf 92' lang='lat' dir='ltr'><strong>in</strong></span> <span class='ocrx_word' id='word_1_13' title='bbox 719 1493 858 1553; x_wconf 78' lang='lat' dir='ltr'>editionis</span> <span class='ocrx_word' id='word_1_14' title='bbox 893 1514 966 1554; x_wconf 88' lang='lat' dir='ltr'><strong>suae</strong></span> <span class='ocrx_word' id='word_1_15' title='bbox 999 1495 1112 1572; x_wconf 84' lang='lat' dir='ltr'>proleg.</span> <span class='ocrx_word' id='word_1_16' title='bbox 1150 1514 1200 1572; x_wconf 85' lang='lat' dir='ltr'><strong>pg.</strong></span> <span class='ocrx_word' id='word_1_17' title='bbox 1225 1494 1286 1554; x_wconf 93' lang='lat' dir='ltr'><strong>VII</strong></span> 
     </span>
     <span class='ocr_line' id='line_1_4' title="bbox 161 1582 1287 1663; baseline -0.002 -19"><span class='ocrx_word' id='word_1_18' title='bbox 161 1585 353 1654; x_wconf 76' lang='lat' dir='ltr'><strong>disseruerat,</strong></span> <span class='ocrx_word' id='word_1_19' title='bbox 378 1601 472 1641; x_wconf 90' lang='lat' dir='ltr'><strong>unum</strong></span> <span class='ocrx_word' id='word_1_20' title='bbox 491 1582 681 1642; x_wconf 79' lang='lat' dir='ltr'><strong>Franciscum</strong></span> <span class='ocrx_word' id='word_1_21' title='bbox 697 1582 886 1663; x_wconf 85' lang='lat' dir='ltr'><strong>Pucoium¹),</strong></span> <span class='ocrx_word' id='word_1_22' title='bbox 911 1584 965 1660; x_wconf 92' lang='lat' dir='ltr'><strong>qui</strong></span> <span class='ocrx_word' id='word_1_23' title='bbox 989 1604 1015 1643; x_wconf 93' lang='lat' dir='ltr'><strong>a.</strong></span> <span class='ocrx_word' id='word_1_24' title='bbox 1036 1588 1119 1647; x_wconf 81' lang='lat'>1502</span> <span class='ocrx_word' id='word_1_25' title='bbox 1136 1585 1287 1660; x_wconf 86' lang='lat' dir='ltr'><strong>exemplar</strong></span> 
     </span>
     <span class='ocr_line' id='line_1_5' title="bbox 160 1672 1285 1750; baseline -0.001 -16"><span class='ocrx_word' id='word_1_26' title='bbox 160 1673 299 1734; x_wconf 75' lang='lat' dir='ltr'><strong>editionis</strong></span> <span class='ocrx_word' id='word_1_27' title='bbox 317 1672 473 1750; x_wconf 84' lang='lat' dir='ltr'><strong>Regiensis</strong></span> <span class='ocrx_word' id='word_1_28' title='bbox 490 1672 671 1742; x_wconf 79' lang='lat' dir='ltr'><strong>emendavit,</strong></span> <span class='ocrx_word' id='word_1_29' title='bbox 692 1673 770 1732; x_wconf 92' lang='lat' dir='ltr'><strong>libro</strong></span> <span class='ocrx_word' id='word_1_30' title='bbox 786 1693 877 1749; x_wconf 88' lang='lat' dir='ltr'><strong>quam</strong></span> <span class='ocrx_word' id='word_1_31' title='bbox 893 1673 985 1733; x_wconf 89' lang='lat' dir='ltr'><strong>ceteri</strong></span> <span class='ocrx_word' id='word_1_32' title='bbox 1001 1675 1099 1732; x_wconf 91' lang='lat' dir='ltr'><strong>essent</strong></span> <span class='ocrx_word' id='word_1_33' title='bbox 1115 1673 1285 1750; x_wconf 75' lang='lat' dir='ltr'><strong>antiquiore</strong></span> 
     </span>
    </p>
   </div>
   <div class='ocr_carea' id='block_1_3' title="bbox 62 1760 1286 1838">
    <p class='ocr_par' dir='ltr' id='par_1_3' title="bbox 62 1760 1286 1838">
     <span class='ocr_line' id='line_1_6' title="bbox 62 1760 1286 1838; baseline 0 -16"><span class='ocrx_word' id='word_1_34' title='bbox 62 1762 64 1770; x_wconf 87' lang='lat'>&#39;</span> <span class='ocrx_word' id='word_1_35' title='bbox 161 1782 252 1822; x_wconf 88' lang='lat' dir='ltr'><strong>usum</strong></span> <span class='ocrx_word' id='word_1_36' title='bbox 276 1762 382 1836; x_wconf 88' lang='lat' dir='ltr'><strong>videri,</strong></span> <span class='ocrx_word' id='word_1_37' title='bbox 406 1761 511 1837; x_wconf 88' lang='lat' dir='ltr'><strong>itaque</strong></span> <span class='ocrx_word' id='word_1_38' title='bbox 527 1760 747 1821; x_wconf 83' lang='lat' dir='ltr'><strong>emendationes</strong></span> <span class='ocrx_word' id='word_1_39' title='bbox 771 1762 874 1822; x_wconf 92' lang='lat' dir='ltr'><strong>Puccii</strong></span> <span class='ocrx_word' id='word_1_40' title='bbox 898 1762 1029 1838; x_wconf 87' lang='lat' dir='ltr'><strong>potiores</strong></span> <span class='ocrx_word' id='word_1_41' title='bbox 1053 1765 1239 1838; x_wconf 83' lang='lat' dir='ltr'><strong>excerpserat</strong></span> <span class='ocrx_word' id='word_1_42' title='bbox 1255 1764 1286 1822; x_wconf 95' lang='lat' dir='ltr'><strong>et</strong></span> 
     </span>
    </p>
   </div>
   <div class='ocr_carea' id='block_1_4' title="bbox 161 1851 1288 3895">
    <p class='ocr_par' dir='ltr' id='par_1_4' title="bbox 161 1851 1288 3895">
     <span class='ocr_line' id='line_1_7' title="bbox 162 1851 1285 1927; baseline -0.002 -15"><span class='ocrx_word' id='word_1_43' title='bbox 162 1854 315 1927; x_wconf 83' lang='lat' dir='ltr'><strong>excerptas</strong></span> <span class='ocrx_word' id='word_1_44' title='bbox 339 1851 450 1910; x_wconf 89' lang='lat' dir='ltr'><strong>notaP</strong></span> <span class='ocrx_word' id='word_1_45' title='bbox 473 1851 503 1909; x_wconf 91' lang='lat' dir='ltr'><strong>in</strong></span> <span class='ocrx_word' id='word_1_46' title='bbox 528 1854 707 1927; x_wconf 86' lang='lat' dir='ltr'><strong>apparatum</strong></span> <span class='ocrx_word' id='word_1_47' title='bbox 731 1851 869 1911; x_wconf 88' lang='lat' dir='ltr'><strong>criticum</strong></span> <span class='ocrx_word' id='word_1_48' title='bbox 892 1855 1054 1927; x_wconf 90' lang='lat' dir='ltr'><strong>receperat.</strong></span> <span class='ocrx_word' id='word_1_49' title='bbox 1094 1851 1175 1911; x_wconf 87' lang='lat' dir='ltr'><strong>Huic</strong></span> <span class='ocrx_word' id='word_1_50' title='bbox 1189 1851 1285 1912; x_wconf 88' lang='lat' dir='ltr'><strong>Lach-</strong></span> 
     </span>
     <span class='ocr_line' id='line_1_8' title="bbox 163 1939 1286 2018; baseline 0.001 -19"><span class='ocrx_word' id='word_1_51' title='bbox 163 1941 263 1999; x_wconf 91' lang='lat' dir='ltr'><strong>manni</strong></span> <span class='ocrx_word' id='word_1_52' title='bbox 292 1940 459 2000; x_wconf 89' lang='lat' dir='ltr'><strong>sententiae</strong></span> <span class='ocrx_word' id='word_1_53' title='bbox 489 1939 641 2000; x_wconf 88' lang='lat' dir='ltr'><strong>Lucienus</strong></span> <span class='ocrx_word' id='word_1_54' title='bbox 670 1939 798 1999; x_wconf 87' lang='lat' dir='ltr'><strong>Mueller</strong></span> <span class='ocrx_word' id='word_1_55' title='bbox 831 1941 971 2000; x_wconf 89' lang='lat' dir='ltr'><strong>inmerito</strong></span> <span class='ocrx_word' id='word_1_56' title='bbox 1006 1961 1057 2018; x_wconf 84' lang='lat' dir='ltr'><strong>pg.</strong></span> <span class='ocrx_word' id='word_1_57' title='bbox 1081 1941 1125 1999; x_wconf 91' lang='lat' dir='ltr'><strong>XI</strong></span> <span class='ocrx_word' id='word_1_58' title='bbox 1148 1940 1286 2001; x_wconf 89' lang='lat' dir='ltr'><strong>editionis</strong></span> 
     </span>
     <span class='ocr_line' id='line_1_9' title="bbox 163 2029 1285 2107; baseline 0.001 -18"><span class='ocrx_word' id='word_1_59' title='bbox 163 2050 236 2090; x_wconf 89' lang='lat' dir='ltr'><strong>suae</strong></span> <span class='ocrx_word' id='word_1_60' title='bbox 258 2048 425 2107; x_wconf 85' lang='lat' dir='ltr'><strong>repugnare</strong></span> <span class='ocrx_word' id='word_1_61' title='bbox 456 2034 580 2091; x_wconf 89' lang='lat' dir='ltr'><strong>conatus</strong></span> <span class='ocrx_word' id='word_1_62' title='bbox 613 2031 676 2101; x_wconf 88' lang='lat' dir='ltr'><strong>est,</strong></span> <span class='ocrx_word' id='word_1_63' title='bbox 705 2049 774 2089; x_wconf 90' lang='lat' dir='ltr'><strong>oum</strong></span> <span class='ocrx_word' id='word_1_64' title='bbox 802 2029 949 2106; x_wconf 93' lang='lat' dir='ltr'><strong>quidquid</strong></span> <span class='ocrx_word' id='word_1_65' title='bbox 979 2030 1142 2090; x_wconf 90' lang='lat' dir='ltr'><strong>lectionum</strong></span> <span class='ocrx_word' id='word_1_66' title='bbox 1173 2049 1208 2090; x_wconf 83' lang='lat' dir='ltr'><strong>ex</strong></span> <span class='ocrx_word' id='word_1_67' title='bbox 1230 2049 1285 2090; x_wconf 91' lang='lat' dir='ltr'><strong>suo</strong></span> 
     </span>
     <span class='ocr_line' id='line_1_10' title="bbox 163 2118 1285 2197; baseline -0.002 -17"><span class='ocrx_word' id='word_1_68' title='bbox 163 2119 261 2180; x_wconf 90' lang='lat' dir='ltr'><strong>codice</strong></span> <span class='ocrx_word' id='word_1_69' title='bbox 285 2119 405 2178; x_wconf 89' lang='lat' dir='ltr'><strong>afferret</strong></span> <span class='ocrx_word' id='word_1_70' title='bbox 428 2118 568 2190; x_wconf 79' lang='lat' dir='ltr'><strong>Paccius,</strong></span> <span class='ocrx_word' id='word_1_71' title='bbox 592 2119 623 2177; x_wconf 94' lang='lat' dir='ltr'><strong>id</strong></span> <span class='ocrx_word' id='word_1_72' title='bbox 646 2122 701 2178; x_wconf 89' lang='lat' dir='ltr'><strong>aut</strong></span> <span class='ocrx_word' id='word_1_73' title='bbox 723 2119 941 2194; x_wconf 85' lang='lat' dir='ltr'><strong>interpolatum</strong></span> <span class='ocrx_word' id='word_1_74' title='bbox 964 2121 1001 2179; x_wconf 88' lang='lat' dir='ltr'><strong>ab</strong></span> <span class='ocrx_word' id='word_1_75' title='bbox 1017 2119 1095 2178; x_wconf 91' lang='lat' dir='ltr'><strong>Italo</strong></span> <span class='ocrx_word' id='word_1_76' title='bbox 1110 2119 1208 2178; x_wconf 88' lang='lat' dir='ltr'><strong>nescio</strong></span> <span class='ocrx_word' id='word_1_77' title='bbox 1224 2137 1285 2197; x_wconf 94' lang='lat' dir='ltr'><strong>quo</strong></span> 
     </span>
     <span class='ocr_line' id='line_1_11' title="bbox 161 2207 1286 2285; baseline 0 -17"><span class='ocrx_word' id='word_1_78' title='bbox 161 2209 273 2269; x_wconf 86' lang='lat' dir='ltr'><strong>saeculi</strong></span> <span class='ocrx_word' id='word_1_79' title='bbox 297 2207 353 2266; x_wconf 86' lang='lat' dir='ltr'><strong>XV</strong></span> <span class='ocrx_word' id='word_1_80' title='bbox 385 2211 439 2268; x_wconf 90' lang='lat' dir='ltr'><strong>aut</strong></span> <span class='ocrx_word' id='word_1_81' title='bbox 469 2210 626 2284; x_wconf 90' lang='lat' dir='ltr'><strong>sumptum</strong></span> <span class='ocrx_word' id='word_1_82' title='bbox 655 2209 692 2267; x_wconf 89' lang='lat' dir='ltr'><strong>de</strong></span> <span class='ocrx_word' id='word_1_83' title='bbox 716 2209 862 2284; x_wconf 83' lang='lat' dir='ltr'><strong>excerptis</strong></span> <span class='ocrx_word' id='word_1_84' title='bbox 889 2208 1003 2268; x_wconf 89' lang='lat' dir='ltr'><strong>talibus</strong></span> <span class='ocrx_word' id='word_1_85' title='bbox 1034 2208 1137 2285; x_wconf 89' lang='lat' dir='ltr'><strong>qualia</strong></span> <span class='ocrx_word' id='word_1_86' title='bbox 1159 2208 1286 2268; x_wconf 90' lang='lat' dir='ltr'><strong>fuerunt</strong></span> 
     </span>
     <span class='ocr_line' id='line_1_12' title="bbox 162 2296 1286 2374; baseline -0.002 -17"><span class='ocrx_word' id='word_1_87' title='bbox 162 2298 315 2358; x_wconf 90' lang='lat' dir='ltr'><strong>Vincentii</strong></span> <span class='ocrx_word' id='word_1_88' title='bbox 350 2299 381 2357; x_wconf 88' lang='grc'><strong>01</strong></span> <span class='ocrx_word' id='word_1_89' title='bbox 415 2296 559 2374; x_wconf 81' lang='lat' dir='ltr'><strong>Scaligeri</strong></span> <span class='ocrx_word' id='word_1_90' title='bbox 593 2298 794 2362; x_wconf 85' lang='lat' dir='ltr'><strong>contenderet.</strong></span> <span class='ocrx_word' id='word_1_91' title='bbox 853 2296 896 2356; x_wconf 82' lang='lat' dir='ltr'><strong>At</strong></span> <span class='ocrx_word' id='word_1_92' title='bbox 933 2301 1013 2369; x_wconf 89' lang='lat' dir='ltr'><strong>certe</strong></span> <span class='ocrx_word' id='word_1_93' title='bbox 1051 2298 1139 2356; x_wconf 92' lang='lat' dir='ltr'><strong>illum</strong></span> <span class='ocrx_word' id='word_1_94' title='bbox 1172 2298 1286 2357; x_wconf 90' lang='lat' dir='ltr'><strong>librum</strong></span> 
     </span>
     <span class='ocr_line' id='line_1_13' title="bbox 162 2386 1287 2465; baseline -0.001 -19"><span class='ocrx_word' id='word_1_95' title='bbox 162 2388 347 2448; x_wconf 90' lang='lat' dir='ltr'><strong>Puccianum</strong></span> <span class='ocrx_word' id='word_1_96' title='bbox 359 2386 503 2465; x_wconf 81' lang='lat' dir='ltr'><strong>indagare</strong></span> <span class='ocrx_word' id='word_1_97' title='bbox 515 2387 644 2464; x_wconf 81' lang='lat' dir='ltr'><strong>contigit</strong></span> <span class='ocrx_word' id='word_1_98' title='bbox 659 2387 850 2458; x_wconf 90' lang='lat' dir='ltr'><strong>Baehrensio,</strong></span> <span class='ocrx_word' id='word_1_99' title='bbox 868 2386 1142 2464; x_wconf 84' lang='lat' dir='ltr'><strong>Guelferbytanum</strong></span> <span class='ocrx_word' id='word_1_100' title='bbox 1157 2387 1287 2447; x_wconf 85' lang='lat' dir='ltr'><strong>codicem</strong></span> 
     </span>
     <span class='ocr_line' id='line_1_14' title="bbox 167 2475 1285 2553; baseline 0.001 -18"><span class='ocrx_word' id='word_1_101' title='bbox 167 2497 253 2552; x_wconf 91' lang='lat' dir='ltr'><strong>quem</strong></span> <span class='ocrx_word' id='word_1_102' title='bbox 280 2477 341 2535; x_wconf 91' lang='lat' dir='ltr'><strong>iam</strong></span> <span class='ocrx_word' id='word_1_103' title='bbox 364 2475 502 2552; x_wconf 84' lang='lat' dir='ltr'><strong>Heynius</strong></span> <span class='ocrx_word' id='word_1_104' title='bbox 533 2496 717 2553; x_wconf 90' lang='lat' dir='ltr'><strong>quamquam</strong></span> <span class='ocrx_word' id='word_1_105' title='bbox 745 2477 842 2553; x_wconf 88' lang='lat' dir='ltr'><strong>pretio</strong></span> <span class='ocrx_word' id='word_1_106' title='bbox 874 2477 938 2536; x_wconf 89' lang='lat' dir='ltr'><strong>eius</strong></span> <span class='ocrx_word' id='word_1_107' title='bbox 970 2477 1091 2537; x_wconf 90' lang='lat' dir='ltr'><strong>minime</strong></span> <span class='ocrx_word' id='word_1_108' title='bbox 1120 2480 1285 2553; x_wconf 86' lang='lat' dir='ltr'><strong>perspecto,</strong></span> 
     </span>
     <span class='ocr_line' id='line_1_15' title="bbox 164 2565 1287 2642; baseline 0.001 -18"><span class='ocrx_word' id='word_1_109' title='bbox 164 2567 196 2624; x_wconf 90' lang='lat' dir='ltr'><strong>in</strong></span> <span class='ocrx_word' id='word_1_110' title='bbox 219 2566 353 2626; x_wconf 90' lang='lat' dir='ltr'><strong>codicum</strong></span> <span class='ocrx_word' id='word_1_111' title='bbox 377 2565 564 2626; x_wconf 85' lang='lat' dir='ltr'><strong>enarratione</strong></span> <span class='ocrx_word' id='word_1_112' title='bbox 588 2566 719 2624; x_wconf 88' lang='lat' dir='ltr'><strong>alterum</strong></span> <span class='ocrx_word' id='word_1_113' title='bbox 748 2566 957 2625; x_wconf 84' lang='lat' dir='ltr'><strong>nominaverat</strong></span> <span class='ocrx_word' id='word_1_114' title='bbox 979 2566 1199 2642; x_wconf 88' lang='lat' dir='ltr'><strong>nonnullasque</strong></span> <span class='ocrx_word' id='word_1_115' title='bbox 1222 2566 1287 2626; x_wconf 90' lang='lat' dir='ltr'><strong>eius</strong></span> 
     </span>
     <span class='ocr_line' id='line_1_16' title="bbox 165 2654 1284 2732; baseline -0.001 -18"><span class='ocrx_word' id='word_1_116' title='bbox 165 2656 305 2715; x_wconf 90' lang='lat' dir='ltr'><strong>lectiones</strong></span> <span class='ocrx_word' id='word_1_117' title='bbox 337 2655 367 2713; x_wconf 91' lang='grc'><strong>11</strong></span> <span class='ocrx_word' id='word_1_118' title='bbox 408 2655 654 2714; x_wconf 89' lang='lat' dir='ltr'><strong>adnotationibus</strong></span> <span class='ocrx_word' id='word_1_119' title='bbox 687 2654 825 2714; x_wconf 88' lang='lat' dir='ltr'><strong>editionis</strong></span> <span class='ocrx_word' id='word_1_120' title='bbox 860 2673 937 2725; x_wconf 70' lang='lat' dir='ltr'><strong>suae,</strong></span> <span class='ocrx_word' id='word_1_121' title='bbox 967 2660 1093 2732; x_wconf 89' lang='lat' dir='ltr'><strong>quartae</strong></span> <span class='ocrx_word' id='word_1_122' title='bbox 1128 2656 1284 2715; x_wconf 90' lang='lat' dir='ltr'><strong>attulerat.</strong></span> 
     </span>
     <span class='ocr_line' id='line_1_17' title="bbox 165 2743 1287 2822; baseline -0.001 -19"><span class='ocrx_word' id='word_1_123' title='bbox 165 2744 326 2804; x_wconf 80' lang='lat' dir='ltr'><strong>Contendit</strong></span> <span class='ocrx_word' id='word_1_124' title='bbox 340 2744 436 2822; x_wconf 86' lang='lat' dir='ltr'><strong>igitur</strong></span> <span class='ocrx_word' id='word_1_125' title='bbox 452 2744 652 2804; x_wconf 87' lang='lat' dir='ltr'><strong>Baehrensius</strong></span> <span class='ocrx_word' id='word_1_126' title='bbox 668 2743 797 2803; x_wconf 91' lang='lat' dir='ltr'><strong>codicem</strong></span> <span class='ocrx_word' id='word_1_127' title='bbox 814 2743 873 2802; x_wconf 85' lang='lat' dir='ltr'><strong>Ga</strong></span> <span class='ocrx_word' id='word_1_128' title='bbox 896 2743 1006 2804; x_wconf 90' lang='lat' dir='ltr'><strong>Puccio</strong></span> <span class='ocrx_word' id='word_1_129' title='bbox 1029 2763 1093 2804; x_wconf 87' lang='grc'>0000</span> <span class='ocrx_word' id='word_1_130' title='bbox 1116 2745 1287 2804; x_wconf 87' lang='lat' dir='ltr'><strong>adhibitum</strong></span> 
     </span>
     <span class='ocr_line' id='line_1_18' title="bbox 164 2833 1286 2910; baseline -0.002 -18"><span class='ocrx_word' id='word_1_131' title='bbox 164 2853 198 2892; x_wconf 93' lang='lat' dir='ltr'><strong>eo</strong></span> <span class='ocrx_word' id='word_1_132' title='bbox 222 2838 356 2910; x_wconf 91' lang='lat' dir='ltr'><strong>tempore</strong></span> <span class='ocrx_word' id='word_1_133' title='bbox 387 2853 447 2910; x_wconf 91' lang='lat' dir='ltr'><strong>quo</strong></span> <span class='ocrx_word' id='word_1_134' title='bbox 478 2833 530 2892; x_wconf 92' lang='lat' dir='ltr'><strong>ille</strong></span> <span class='ocrx_word' id='word_1_135' title='bbox 558 2834 618 2892; x_wconf 90' lang='lat' dir='ltr'><strong>iam</strong></span> <span class='ocrx_word' id='word_1_136' title='bbox 646 2833 770 2892; x_wconf 89' lang='lat' dir='ltr'><strong>alterius</strong></span> <span class='ocrx_word' id='word_1_137' title='bbox 793 2850 901 2891; x_wconf 88' lang='lat' dir='ltr'><strong>manus</strong></span> <span class='ocrx_word' id='word_1_138' title='bbox 925 2837 1110 2894; x_wconf 85' lang='lat' dir='ltr'><strong>correcturas</strong></span> <span class='ocrx_word' id='word_1_139' title='bbox 1139 2835 1169 2894; x_wconf 91' lang='grc'><strong>01</strong></span> <span class='ocrx_word' id='word_1_140' title='bbox 1192 2834 1286 2894; x_wconf 88' lang='grc'>11101-</span> 
     </span>
     <span class='ocr_line' id='line_1_19' title="bbox 163 2921 1287 3001; baseline -0.002 -18"><span class='ocrx_word' id='word_1_141' title='bbox 163 2923 339 2998; x_wconf 89' lang='lat' dir='ltr'><strong>polationes‚</strong></span> <span class='ocrx_word' id='word_1_142' title='bbox 378 2923 504 2983; x_wconf 86' lang='lat' dir='ltr'><strong>fortasse</strong></span> <span class='ocrx_word' id='word_1_143' title='bbox 538 2927 575 2981; x_wconf 90' lang='lat' dir='ltr'><strong>ut</strong></span> <span class='ocrx_word' id='word_1_144' title='bbox 610 2942 645 2980; x_wconf 83' lang='lat' dir='ltr'><strong>ex</strong></span> <span class='ocrx_word' id='word_1_145' title='bbox 679 2921 870 2986; x_wconf 89' lang='lat' dir='ltr'><strong>adnotatione</strong></span> <span class='ocrx_word' id='word_1_146' title='bbox 902 2923 1061 3001; x_wconf 83' lang='lat' dir='ltr'><strong>marginali</strong></span> <span class='ocrx_word' id='word_1_147' title='bbox 1095 2923 1132 2981; x_wconf 86' lang='lat' dir='ltr'><strong>ad</strong></span> <span class='ocrx_word' id='word_1_148' title='bbox 1166 2941 1287 2983; x_wconf 88' lang='lat' dir='ltr'><strong>versum</strong></span> 
     </span>
     <span class='ocr_line' id='line_1_20' title="bbox 163 3011 1286 3088; baseline 0 -17"><span class='ocrx_word' id='word_1_149' title='bbox 163 3013 189 3086; x_wconf 95' lang='lat' dir='ltr'><strong>I,</strong></span> <span class='ocrx_word' id='word_1_150' title='bbox 216 3019 245 3086; x_wconf 83' lang='lat'><strong>7,</strong></span> <span class='ocrx_word' id='word_1_151' title='bbox 274 3017 312 3078; x_wconf 86' lang='grc'><strong>18</strong></span> <span class='ocrx_word' id='word_1_152' title='bbox 338 3015 368 3072; x_wconf 91' lang='grc'><strong>01</strong></span> <span class='ocrx_word' id='word_1_153' title='bbox 392 3018 426 3086; x_wconf 88' lang='grc'><strong>8,</strong></span> <span class='ocrx_word' id='word_1_154' title='bbox 460 3018 498 3077; x_wconf 83' lang='lat'><strong>51</strong></span> <span class='ocrx_word' id='word_1_155' title='bbox 535 3011 664 3086; x_wconf 87' lang='lat' dir='ltr'><strong>„Pont“.</strong></span> <span class='ocrx_word' id='word_1_156' title='bbox 694 3011 865 3087; x_wconf 89' lang='lat' dir='ltr'><strong>subscripta</strong></span> <span class='ocrx_word' id='word_1_157' title='bbox 898 3013 992 3072; x_wconf 91' lang='lat' dir='ltr'><strong>conici</strong></span> <span class='ocrx_word' id='word_1_158' title='bbox 1020 3014 1134 3088; x_wconf 90' lang='lat' dir='ltr'><strong>potest,</strong></span> <span class='ocrx_word' id='word_1_159' title='bbox 1170 3011 1286 3072; x_wconf 87' lang='lat' dir='ltr'><strong>Ioviani</strong></span> 
     </span>
     <span class='ocr_line' id='line_1_21' title="bbox 164 3100 1287 3178; baseline -0.002 -17"><span class='ocrx_word' id='word_1_160' title='bbox 164 3102 294 3162; x_wconf 89' lang='lat' dir='ltr'><strong>Pontani</strong></span> <span class='ocrx_word' id='word_1_161' title='bbox 317 3101 421 3178; x_wconf 76' lang='lat' dir='ltr'><strong>ipsius¹</strong></span> <span class='ocrx_word' id='word_1_162' title='bbox 447 3105 512 3162; x_wconf 88' lang='lat' dir='ltr'><strong>erat</strong></span> <span class='ocrx_word' id='word_1_163' title='bbox 536 3104 686 3178; x_wconf 81' lang='lat' dir='ltr'><strong>expertus.</strong></span> <span class='ocrx_word' id='word_1_164' title='bbox 723 3100 807 3171; x_wconf 82' lang='lat' dir='ltr'><strong>Quae</strong></span> <span class='ocrx_word' id='word_1_165' title='bbox 821 3119 868 3160; x_wconf 89' lang='lat' dir='ltr'><strong>res</strong></span> <span class='ocrx_word' id='word_1_166' title='bbox 886 3103 935 3161; x_wconf 91' lang='lat' dir='ltr'><strong>vel</strong></span> <span class='ocrx_word' id='word_1_167' title='bbox 951 3102 1102 3162; x_wconf 88' lang='lat' dir='ltr'><strong>levissima</strong></span> <span class='ocrx_word' id='word_1_168' title='bbox 1124 3102 1287 3164; x_wconf 91' lang='lat' dir='ltr'><strong>lectionum</strong></span> 
     </span>
     <span class='ocr_line' id='line_1_22' title="bbox 165 3191 1285 3267; baseline -0.001 -17"><span class='ocrx_word' id='word_1_169' title='bbox 165 3191 386 3267; x_wconf 88' lang='lat' dir='ltr'><strong>comparatione</strong></span> <span class='ocrx_word' id='word_1_170' title='bbox 416 3191 582 3262; x_wconf 82' lang='lat' dir='ltr'><strong>evincitur3</strong></span> <span class='ocrx_word' id='word_1_171' title='bbox 612 3191 679 3250; x_wconf 89' lang='lat' dir='ltr'><strong>vide</strong></span> <span class='ocrx_word' id='word_1_172' title='bbox 702 3192 806 3250; x_wconf 89' lang='lat' dir='ltr'><strong>modo:</strong></span> <span class='ocrx_word' id='word_1_173' title='bbox 840 3191 865 3264; x_wconf 96' lang='lat' dir='ltr'><strong>I,</strong></span> <span class='ocrx_word' id='word_1_174' title='bbox 895 3197 920 3262; x_wconf 86' lang='lat' dir='ltr'><strong>l,</strong></span> <span class='ocrx_word' id='word_1_175' title='bbox 947 3197 983 3255; x_wconf 84' lang='lat'><strong>5:</strong></span> <span class='ocrx_word' id='word_1_176' title='bbox 1009 3191 1074 3250; x_wconf 88' lang='lat' dir='ltr'><strong>vita</strong></span> <span class='ocrx_word' id='word_1_177' title='bbox 1096 3191 1167 3251; x_wconf 83' lang='lat' dir='ltr'><strong>PG.</strong></span> <span class='ocrx_word' id='word_1_178' title='bbox 1195 3197 1222 3259; x_wconf 89' lang='grc'><strong>1,</strong></span> <span class='ocrx_word' id='word_1_179' title='bbox 1249 3196 1285 3255; x_wconf 83' lang='lat'><strong>6:</strong></span> 
     </span>
     <span class='ocr_line' id='line_1_23' title="bbox 166 3279 1286 3358; baseline -0.002 -18"><span class='ocrx_word' id='word_1_180' title='bbox 166 3281 274 3358; x_wconf 86' lang='lat' dir='ltr'><strong>exiguo</strong></span> <span class='ocrx_word' id='word_1_181' title='bbox 297 3280 390 3357; x_wconf 77' lang='lat' dir='ltr'>Pg.²)</span> <span class='ocrx_word' id='word_1_182' title='bbox 416 3287 445 3354; x_wconf 83' lang='lat'><strong>2,</strong></span> <span class='ocrx_word' id='word_1_183' title='bbox 470 3286 530 3344; x_wconf 83' lang='lat'><strong>87:</strong></span> <span class='ocrx_word' id='word_1_184' title='bbox 555 3298 713 3356; x_wconf 90' lang='lat' dir='ltr'><strong>prorepere</strong></span> <span class='ocrx_word' id='word_1_185' title='bbox 737 3279 809 3341; x_wconf 82' lang='lat' dir='ltr'><strong>PG.</strong></span> <span class='ocrx_word' id='word_1_186' title='bbox 835 3286 864 3353; x_wconf 85' lang='lat'><strong>5,</strong></span> <span class='ocrx_word' id='word_1_187' title='bbox 883 3285 919 3344; x_wconf 82' lang='lat'><strong>6:</strong></span> <span class='ocrx_word' id='word_1_188' title='bbox 944 3300 997 3357; x_wconf 86' lang='lat' dir='ltr'><strong>per</strong></span> <span class='ocrx_word' id='word_1_189' title='bbox 1020 3283 1051 3340; x_wconf 91' lang='lat' dir='ltr'><strong>te</strong></span> <span class='ocrx_word' id='word_1_190' title='bbox 1074 3279 1146 3339; x_wconf 76' lang='lat' dir='ltr'><strong>Pa.</strong></span> <span class='ocrx_word' id='word_1_191' title='bbox 1172 3286 1201 3354; x_wconf 86' lang='lat'><strong>5,</strong></span> <span class='ocrx_word' id='word_1_192' title='bbox 1227 3285 1286 3345; x_wconf 88' lang='lat'><strong>33:</strong></span> 
     </span>
     <span class='ocr_line' id='line_1_24' title="bbox 167 3363 1284 3448; baseline -0.003 -18"><span class='ocrx_word' id='word_1_193' title='bbox 167 3371 328 3444; x_wconf 81' lang='lat' dir='ltr'><strong>,assecula</strong></span> <span class='ocrx_word' id='word_1_194' title='bbox 345 3370 390 3429; x_wconf 91' lang='lat' dir='ltr'><strong>ita</strong></span> <span class='ocrx_word' id='word_1_195' title='bbox 405 3370 480 3448; x_wconf 81' lang='lat' dir='ltr'><strong>legit</strong></span> <span class='ocrx_word' id='word_1_196' title='bbox 501 3370 664 3440; x_wconf 83' lang='lat' dir='ltr'><strong>Fontanus,</strong></span> <span class='ocrx_word' id='word_1_197' title='bbox 681 3371 701 3427; x_wconf 93' lang='grc'><strong>1.</strong></span> <span class='ocrx_word' id='word_1_198' title='bbox 719 3369 847 3429; x_wconf 88' lang='lat' dir='ltr'><strong>ancilla“</strong></span> <span class='ocrx_word' id='word_1_199' title='bbox 866 3363 913 3439; x_wconf 86' lang='lat' dir='ltr'><strong>P,¹</strong></span> <span class='ocrx_word' id='word_1_200' title='bbox 928 3370 1090 3444; x_wconf 78' lang='lat' dir='ltr'><strong>,assecula</strong></span> <span class='ocrx_word' id='word_1_201' title='bbox 1106 3370 1128 3427; x_wconf 92' lang='grc'><strong>1.</strong></span> <span class='ocrx_word' id='word_1_202' title='bbox 1157 3370 1284 3428; x_wconf 86' lang='lat' dir='ltr'><strong>ancilla“</strong></span> 
     </span>
     <span class='ocr_line' id='line_1_25' title="bbox 165 3457 1287 3537; baseline -0.005 -13"><span class='ocrx_word' id='word_1_203' title='bbox 165 3479 194 3537; x_wconf 82' lang='lat' dir='ltr'><strong>g·</strong></span> <span class='ocrx_word' id='word_1_204' title='bbox 222 3465 251 3531; x_wconf 86' lang='lat'><strong>6,</strong></span> <span class='ocrx_word' id='word_1_205' title='bbox 276 3464 335 3523; x_wconf 80' lang='lat'><strong>70:</strong></span> <span class='ocrx_word' id='word_1_206' title='bbox 369 3459 483 3518; x_wconf 90' lang='lat' dir='ltr'><strong>Possim</strong></span> <span class='ocrx_word' id='word_1_207' title='bbox 506 3458 577 3520; x_wconf 79' lang='lat' dir='ltr'><strong>Pa.</strong></span> <span class='ocrx_word' id='word_1_208' title='bbox 603 3464 632 3532; x_wconf 88' lang='lat'><strong>6,</strong></span> <span class='ocrx_word' id='word_1_209' title='bbox 659 3463 719 3523; x_wconf 82' lang='lat'><strong>72:</strong></span> <span class='ocrx_word' id='word_1_210' title='bbox 743 3477 853 3534; x_wconf 87' lang='lat' dir='ltr'><strong>pronas</strong></span> <span class='ocrx_word' id='word_1_211' title='bbox 875 3458 937 3536; x_wconf 86' lang='lat' dir='ltr'><strong>Pg.</strong></span> <span class='ocrx_word' id='word_1_212' title='bbox 974 3457 1192 3518; x_wconf 86' lang='lat' dir='ltr'><strong>Gravissimum</strong></span> <span class='ocrx_word' id='word_1_213' title='bbox 1216 3478 1287 3518; x_wconf 90' lang='lat' dir='ltr'><strong>vero</strong></span> 
     </span>
     <span class='ocr_line' id='line_1_26' title="bbox 164 3547 1287 3626; baseline 0.001 -19"><span class='ocrx_word' id='word_1_214' title='bbox 164 3549 257 3607; x_wconf 88' lang='lat' dir='ltr'><strong>huius</strong></span> <span class='ocrx_word' id='word_1_215' title='bbox 273 3549 437 3609; x_wconf 89' lang='lat' dir='ltr'><strong>sententiae</strong></span> <span class='ocrx_word' id='word_1_216' title='bbox 453 3551 667 3626; x_wconf 83' lang='lat' dir='ltr'><strong>argumentum</strong></span> <span class='ocrx_word' id='word_1_217' title='bbox 690 3547 764 3607; x_wconf 91' lang='lat' dir='ltr'><strong>mihi</strong></span> <span class='ocrx_word' id='word_1_218' title='bbox 788 3547 931 3607; x_wconf 89' lang='lat' dir='ltr'><strong>videntur</strong></span> <span class='ocrx_word' id='word_1_219' title='bbox 953 3548 1065 3608; x_wconf 89' lang='lat' dir='ltr'><strong>Puccii·</strong></span> <span class='ocrx_word' id='word_1_220' title='bbox 1080 3549 1287 3608; x_wconf 87' lang='lat' dir='ltr'><strong>adnotationes</strong></span> 
     </span>
     <span class='ocr_line' id='line_1_27' title="bbox 166 3636 1287 3713; baseline 0.002 -17"><span class='ocrx_word' id='word_1_221' title='bbox 166 3637 251 3709; x_wconf 91' lang='lat' dir='ltr'><strong>adl,</strong></span> <span class='ocrx_word' id='word_1_222' title='bbox 281 3644 337 3702; x_wconf 88' lang='lat'><strong>10:</strong></span> <span class='ocrx_word' id='word_1_223' title='bbox 373 3637 465 3712; x_wconf 82' lang='lat' dir='ltr'><strong>,Quis</strong></span> <span class='ocrx_word' id='word_1_224' title='bbox 489 3638 559 3698; x_wconf 89' lang='lat' dir='ltr'><strong>fuit.</strong></span> <span class='ocrx_word' id='word_1_225' title='bbox 585 3638 639 3698; x_wconf 93' lang='lat' dir='ltr'><strong>hoc</strong></span> <span class='ocrx_word' id='word_1_226' title='bbox 664 3640 709 3697; x_wconf 89' lang='lat' dir='ltr'><strong>eet</strong></span> <span class='ocrx_word' id='word_1_227' title='bbox 740 3636 920 3713; x_wconf 91' lang='lat' dir='ltr'><strong>principium</strong></span> <span class='ocrx_word' id='word_1_228' title='bbox 943 3638 1067 3698; x_wconf 85' lang='lat' dir='ltr'><strong>secundi</strong></span> <span class='ocrx_word' id='word_1_229' title='bbox 1090 3637 1161 3697; x_wconf 89' lang='lat' dir='ltr'><strong>libri</strong></span> <span class='ocrx_word' id='word_1_230' title='bbox 1183 3638 1215 3696; x_wconf 89' lang='lat' dir='ltr'><strong>in</strong></span> <span class='ocrx_word' id='word_1_231' title='bbox 1238 3658 1287 3698; x_wconf 90' lang='lat' dir='ltr'><strong>co·</strong></span> 
     </span>
     <span class='ocr_line' id='line_1_28' title="bbox 165 3726 1286 3804; baseline 0 -18"><span class='ocrx_word' id='word_1_232' title='bbox 165 3727 282 3787; x_wconf 91' lang='lat' dir='ltr'><strong>dicibus</strong></span> <span class='ocrx_word' id='word_1_233' title='bbox 305 3727 534 3799; x_wconf 72' lang='lat' dir='ltr'><strong>vetustioribus</strong></span> <span class='ocrx_word' id='word_1_234' title='bbox 559 3730 590 3786; x_wconf 93' lang='grc'><strong>01</strong></span> <span class='ocrx_word' id='word_1_235' title='bbox 613 3730 658 3788; x_wconf 91' lang='grc'><strong>001</strong></span> <span class='ocrx_word' id='word_1_236' title='bbox 680 3728 717 3787; x_wconf 90' lang='lat' dir='ltr'><strong>de</strong></span> <span class='ocrx_word' id='word_1_237' title='bbox 738 3745 837 3787; x_wconf 90' lang='lat' dir='ltr'><strong>amore</strong></span> <span class='ocrx_word' id='word_1_238' title='bbox 853 3726 997 3786; x_wconf 89' lang='lat' dir='ltr'><strong>Nemesis.</strong></span> <span class='ocrx_word' id='word_1_239' title='bbox 1038 3727 1143 3804; x_wconf 80' lang='lat' dir='ltr'><strong>Elegia</strong></span> <span class='ocrx_word' id='word_1_240' title='bbox 1157 3727 1286 3804; x_wconf 85' lang='lat' dir='ltr'><strong>prima“,</strong></span> 
     </span>
     <span class='ocr_line' id='line_1_29' title="bbox 166 3816 1288 3895; baseline 0 -19"><span class='ocrx_word' id='word_1_241' title='bbox 166 3820 197 3876; x_wconf 90' lang='lat' dir='ltr'><strong>et</strong></span> <span class='ocrx_word' id='word_1_242' title='bbox 226 3817 258 3874; x_wconf 93' lang='lat' dir='ltr'><strong>in</strong></span> <span class='ocrx_word' id='word_1_243' title='bbox 290 3816 348 3876; x_wconf 91' lang='lat' dir='ltr'><strong>fine</strong></span> <span class='ocrx_word' id='word_1_244' title='bbox 379 3817 449 3877; x_wconf 91' lang='lat' dir='ltr'><strong>libri</strong></span> <span class='ocrx_word' id='word_1_245' title='bbox 477 3817 575 3877; x_wconf 88' lang='lat' dir='ltr'><strong>tertii:</strong></span> <span class='ocrx_word' id='word_1_246' title='bbox 613 3817 675 3891; x_wconf 87' lang='lat' dir='ltr'><strong>,hii</strong></span> <span class='ocrx_word' id='word_1_247' title='bbox 706 3834 810 3877; x_wconf 89' lang='lat' dir='ltr'><strong>versus</strong></span> <span class='ocrx_word' id='word_1_248' title='bbox 840 3834 900 3875; x_wconf 91' lang='lat' dir='ltr'><strong>non</strong></span> <span class='ocrx_word' id='word_1_249' title='bbox 923 3817 1069 3895; x_wconf 87' lang='lat' dir='ltr'><strong>leguntur</strong></span> <span class='ocrx_word' id='word_1_250' title='bbox 1092 3816 1147 3876; x_wconf 90' lang='lat' dir='ltr'><strong>hoo</strong></span> <span class='ocrx_word' id='word_1_251' title='bbox 1170 3817 1234 3876; x_wconf 93' lang='lat' dir='ltr'><strong>loco</strong></span> <span class='ocrx_word' id='word_1_252' title='bbox 1257 3818 1288 3876; x_wconf 90' lang='lat' dir='ltr'><strong>in</strong></span> 
     </span>
    </p>
   </div>
   <div class='ocr_carea' id='block_1_5' title="bbox 166 4046 1287 4247">
    <p class='ocr_par' dir='ltr' id='par_1_5' title="bbox 166 4046 1287 4247">
     <span class='ocr_line' id='line_1_30' title="bbox 257 4046 1287 4116; baseline 0 -16"><span class='ocrx_word' id='word_1_253' title='bbox 257 4047 283 4114; x_wconf 87' lang='lat'><strong>1)</strong></span> <span class='ocrx_word' id='word_1_254' title='bbox 302 4047 377 4102; x_wconf 89' lang='lat' dir='ltr'><strong>Nam</strong></span> <span class='ocrx_word' id='word_1_255' title='bbox 402 4047 437 4101; x_wconf 92' lang='lat' dir='ltr'><strong>de</strong></span> <span class='ocrx_word' id='word_1_256' title='bbox 456 4047 563 4101; x_wconf 90' lang='lat' dir='ltr'><strong>Joanne</strong></span> <span class='ocrx_word' id='word_1_257' title='bbox 588 4046 706 4100; x_wconf 89' lang='lat' dir='ltr'><strong>Joviano</strong></span> <span class='ocrx_word' id='word_1_258' title='bbox 732 4047 874 4112; x_wconf 87' lang='lat' dir='ltr'><strong>Pontano,</strong></span> <span class='ocrx_word' id='word_1_259' title='bbox 900 4065 985 4115; x_wconf 91' lang='lat' dir='ltr'><strong>quam</strong></span> <span class='ocrx_word' id='word_1_260' title='bbox 1004 4046 1163 4101; x_wconf 88' lang='lat' dir='ltr'><strong>Huschkius</strong></span> <span class='ocrx_word' id='word_1_261' title='bbox 1182 4065 1229 4116; x_wconf 85' lang='lat' dir='ltr'><strong>pg.</strong></span> <span class='ocrx_word' id='word_1_262' title='bbox 1248 4048 1287 4101; x_wconf 88' lang='lat' dir='ltr'><strong>XI</strong></span> 
     </span>
     <span class='ocr_line' id='line_1_31' title="bbox 166 4118 1287 4190; baseline 0.002 -16"><span class='ocrx_word' id='word_1_263' title='bbox 166 4121 253 4190; x_wconf 85' lang='lat' dir='ltr'><strong>praef.</strong></span> <span class='ocrx_word' id='word_1_264' title='bbox 273 4119 404 4175; x_wconf 90' lang='lat' dir='ltr'><strong>editionis</strong></span> <span class='ocrx_word' id='word_1_265' title='bbox 423 4137 490 4173; x_wconf 90' lang='lat' dir='ltr'><strong>suae</strong></span> <span class='ocrx_word' id='word_1_266' title='bbox 509 4119 631 4173; x_wconf 88' lang='lat' dir='ltr'><strong>codicem</strong></span> <span class='ocrx_word' id='word_1_267' title='bbox 650 4118 762 4173; x_wconf 84' lang='lat' dir='ltr'><strong>finxisse</strong></span> <span class='ocrx_word' id='word_1_268' title='bbox 780 4119 971 4184; x_wconf 82' lang='lat' dir='ltr'><strong>contenderat,</strong></span> <span class='ocrx_word' id='word_1_269' title='bbox 989 4119 1061 4172; x_wconf 91' lang='lat' dir='ltr'><strong>nihil</strong></span> <span class='ocrx_word' id='word_1_270' title='bbox 1072 4119 1142 4172; x_wconf 90' lang='lat' dir='ltr'><strong>certi</strong></span> <span class='ocrx_word' id='word_1_271' title='bbox 1160 4122 1287 4176; x_wconf 78' lang='lat' dir='ltr'><strong>constare</strong></span> 
     </span>
     <span class='ocr_line' id='line_1_32' title="bbox 167 4191 472 4247; baseline -0.007 0"><span class='ocrx_word' id='word_1_272' title='bbox 167 4193 208 4247; x_wconf 90' lang='lat' dir='ltr'><strong>ait</strong></span> <span class='ocrx_word' id='word_1_273' title='bbox 226 4192 270 4246; x_wconf 89' lang='lat' dir='ltr'><strong>vir</strong></span> <span class='ocrx_word' id='word_1_274' title='bbox 288 4191 472 4246; x_wconf 90' lang='lat' dir='ltr'><strong>doctissimus.</strong></span> 
     </span>
    </p>
   </div>
   <div class='ocr_carea' id='block_1_6' title="bbox 256 4287 1072 4363">
    <p class='ocr_par' dir='ltr' id='par_1_6' title="bbox 256 4287 1072 4363">
     <span class='ocr_line' id='line_1_33' title="bbox 256 4287 1072 4363; baseline 0.002 -20"><span class='ocrx_word' id='word_1_275' title='bbox 256 4289 283 4358; x_wconf 83' lang='lat'><strong>2)</strong></span> <span class='ocrx_word' id='word_1_276' title='bbox 302 4289 362 4344; x_wconf 88' lang='lat' dir='ltr'><strong>Hac</strong></span> <span class='ocrx_word' id='word_1_277' title='bbox 380 4293 449 4346; x_wconf 85' lang='lat' dir='ltr'><strong>nota</strong></span> <span class='ocrx_word' id='word_1_278' title='bbox 467 4290 585 4346; x_wconf 86' lang='lat' dir='ltr'><strong>alteram</strong></span> <span class='ocrx_word' id='word_1_279' title='bbox 605 4287 707 4344; x_wconf 92' lang='lat' dir='ltr'><strong>codicis</strong></span> <span class='ocrx_word' id='word_1_280' title='bbox 727 4287 750 4344; x_wconf 77' lang='lat' dir='ltr'>G</span> <span class='ocrx_word' id='word_1_281' title='bbox 769 4305 883 4344; x_wconf 87' lang='lat' dir='ltr'><strong>manum</strong></span> <span class='ocrx_word' id='word_1_282' title='bbox 901 4288 1072 4363; x_wconf 77' lang='lat' dir='ltr'><strong>significabo·</strong></span> 
     </span>
    </p>
   </div>
   <div class='ocr_carea' id='block_1_7' title="bbox 0 0 1654 4978">
    <p class='ocr_par' dir='ltr' id='par_1_7' title="bbox 0 0 1654 4978">
     <span class='ocr_line' id='line_1_34' title="bbox 0 0 1654 4978; baseline 0 0"><span class='ocrx_word' id='word_1_283' title='bbox 0 0 1654 4978; x_wconf 95' lang='lat' dir='ltr'><strong> </strong></span> 
     </span>
    </p>
   </div>
  </div>
 </body>
</html>
