3286 4978
806 453 1025 547 ..'20..

359 659 425 722 fons
433 659 456 740 ¹)
481 662 546 720 erat
567 659 767 735 interpolatus
799 659 869 737 (ΙΙΙ,
896 665 925 735 6,
950 666 1003 736 44,
1036 663 1089 723 ubi
1113 663 1318 723 accusativum
1344 666 1473 739 „tuum“

359 749 527 810 exhibuisse
557 748 707 826 videtur);
740 750 830 810 semel
853 749 885 809 in
916 770 949 811 eo
973 771 1128 812 commune
1157 752 1303 812 librorum
1327 752 1475 812 Tibullia·

357 857 465 900 norum
487 838 626 898 mendum
651 838 721 914 (ΙΙΙ,
740 844 769 910 3,
788 843 829 904 22
858 841 974 920 „gerim
999 841 1031 901 in
1057 842 1190 921 „regit“)
1216 844 1280 903 erat
1294 846 1472 916 correctum,

358 929 448 989 semel
463 928 591 1004 deniqne
606 927 809 1008 Frisingensia
823 929 1006 1007 interpolata
1023 950 1085 992 esse
1103 952 1195 1009 supra
1210 953 1261 1011 pg.
1281 935 1317 996 ll
1343 931 1473 991 vidimus

358 1016 427 1094 (III,
453 1021 482 1091 3,
508 1023 567 1082 22:
596 1017 696 1091 „Nec“
723 1039 777 1096 pro
804 1019 946 1096 „Nam“).

446 1107 553 1183 Itaque
585 1113 729 1185 apparet,
764 1110 902 1186 propiore
933 1110 1120 1186 cognationis
1160 1107 1259 1188 gradu
1296 1110 1473 1188 florilegium

358 1193 507 1257 Gallicum
539 1197 713 1276 contingere
736 1199 849 1258 codices
872 1200 988 1257 nostros
1019 1198 1199 1258 recentiores
1232 1220 1324 1276 quam
1359 1201 1474 1278 eclogas

357 1283 577 1364 Frisingenses3
609 1306 678 1347 cum
709 1287 754 1346 his
779 1287 856 1346 enim
879 1285 999 1344 nullum
1029 1285 1170 1344 mendum
1193 1288 1285 1349 habet
1308 1309 1474 1361 commune,

356 1375 507 1435 cumillis
530 1375 742 1436 duobuslocis
766 1395 858 1451 prave
881 1373 1041 1450 conspirat.
1089 1373 1186 1444 Quam
1213 1378 1392 1435 sententiam
1417 1379 1475 1438 alio

356 1483 477 1542 quoque
501 1467 677 1543 argumento
701 1468 804 1541 postea
826 1464 994 1524 videbimus
1017 1463 1148 1541 probari.

446 1553 522 1613 (lum
543 1554 711 1632 fragmento
736 1557 838 1613 antem
855 1544 1014 1614 (luiaoiano
1038 1556 1150 1631 septem
1173 1551 1245 1612 locis
1268 1551 1473 1611 Parisinorum

356 1643 497 1703 lectiones
514 1643 706 1704 conferendae
723 1646 812 1703 sunt:
837 1643 928 1703 semel
943 1643 968 1702 F
984 1643 1153 1720 scripturae
1164 1642 1304 1703 mendum
1321 1642 1471 1700 minutum

357 1733 476 1793 exhibet
508 1733 573 1808 (ΙΙΙ,
608 1739 635 1803 1,
662 1731 733 1814 97),
766 1732 812 1792 bis
836 1732 971 1793 Parisina
1003 1735 1033 1791 et
1064 1734 1178 1794 codices
1206 1734 1279 1792 sunt
1309 1731 1472 1807 depravatu

356 1819 422 1902 (IV,
443 1827 470 1896 l,
489 1827 540 1886 39.
559 1821 613 1900 40)
622 1820 657 1897 ²),
681 1826 787 1899 quater
811 1840 881 1883 vero
904 1822 1086 1899 florilegium
1110 1841 1177 1883 cum
1195 1821 1355 1881 Ouiaciano
1370 1824 1474 1881 contra

356 1911 470 1972 codices
502 1911 622 1988 optimis
657 1912 814 1988 scripturis
846 1912 988 1990 congruit
1020 1909 1090 1990 (III,
1128 1917 1157 1982 6,
1192 1912 1244 1973 44.
1277 1911 1330 1982 IV,
1371 1917 1397 1984 1,
1423 1915 1473 1974 96.

359 2005 431 2065 102.
461 2004 545 2078 104),
578 2001 621 2060 ita
651 2003 688 2060 ut
716 2001 853 2060 Parisina
882 2000 1006 2078 propius
1038 2018 1130 2074 quam
1160 1999 1274 2058 codices
1309 1999 1474 2059 alibroF

356 2089 466 2150 aluisse
489 2091 659 2149 videantur.
701 2089 759 2151 Sed
783 2108 847 2167 quo·
866 2090 986 2150 vinculo
1010 2089 1089 2148 inter
1112 2107 1143 2148 se
1165 2088 1280 2146 fuerint
1303 2087 1471 2158 coniuncta,

355 2179 487 2238 nondum
511 2181 611 2256 potest
633 2179 777 2258 intellegi.
1036 2183 1039 2189 ‘

445 2268 549 2346 Neque
573 2289 651 2345 quae
673 2269 859 2329 necessitudo
881 2267 961 2328 inter
984 2265 1186 2344 Frisingensia
1216 2268 1246 2324 et
1269 2264 1472 2342 fragmentum

355 2357 431 2418 illud
455 2358 729 2420 emendatissimum
751 2358 933 2426 intercedat,
969 2376 1003 2416 ex
1026 2357 1144 2416 duobus
1176 2354 1222 2413 his
1246 2353 1382 2413 versibus
1405 2373 1472 2429 per-

355 2447 468 2524 spicere
490 2448 579 2508 licet:
604 2447 660 2518 III,
686 2451 715 2514 4.
742 2451 782 2513 66
808 2449 946 2523 excerpta
978 2449 1008 2507 et
1030 2444 1145 2505 codices
1169 2443 1310 2503 exhibent
1336 2445 1471 2518 „posse“‚

355 2537 379 2595 F
402 2555 494 2612 prave
525 2537 648 2613 praebet
681 2540 827 2611 „saeva“;
859 2535 932 2597 item
955 2534 1013 2607 ΙΙΙ,
1039 2539 1068 2606 6,
1094 2538 1136 2598 44
1169 2532 1373 2612 Frisingensia
1405 2546 1474 2592 cum

356 2626 507 2686 codicibus
530 2625 560 2684 in
585 2625 719 2686 ablativo
746 2629 839 2702 „tuo“
865 2628 969 2686 contra
991 2623 1154 2704 fragmenti
1177 2621 1336 2684 lectionem
1364 2623 1471 2697 „tuos“

355 2715 560 2786 consentiunt,
592 2716 623 2774 in
655 2735 727 2776 voce
761 2720 903 2791 „cavere“
938 2718 1040 2776 autem
1072 2733 1140 2776 cum
1170 2713 1339 2791 fragmento
1371 2713 1474 2772 contra

355 2804 468 2864 codices
491 2805 672 2882 conspirant.
719 2805 865 2882 Apparet,
889 2825 953 2865 rem
976 2806 1007 2865 in
1029 2804 1126 2865 medio
1151 2821 1213 2863 esse
1237 2800 1471 2878 relinquendam,

355 2893 412 2953 nisi
427 2893 506 2953 forte
525 2893 593 2954 inde
617 2894 697 2970 quod
712 2893 916 2973 Prisingensia
930 2893 988 2967 ΙΙΙ,
1015 2902 1044 2966 4,
1071 2899 1111 2960 66
1128 2894 1348 2969 pentametrum
1365 2888 1471 2960 solum,

355 3003 413 3042 non
449 2986 549 3042 totum
584 2983 731 3043 distichon
765 2984 907 3055 tradunt,
942 2983 1082 3061 colligere
1112 2980 1265 3048 volemus,
1301 2997 1337 3037 ne
1371 2977 1402 3035 in
1438 2993 1472 3035 eo

356 3072 476 3148 quidem
506 3072 600 3144 libro,
633 3092 668 3132 ex
699 3090 760 3148 quo
793 3076 932 3148 excerpta
954 3072 1123 3142 fluxerunt,
1148 3085 1269 3128 versum
1292 3065 1349 3140 ΠΙ,
1375 3071 1404 3136 4,
1431 3068 1471 3129 65

356 3164 512 3221 exaratum
534 3161 636 3226 fuisse.
680 3159 765 3230 Quod
789 3160 814 3220 si
837 3161 1062 3230 arbitrabimur,
1087 3155 1290 3233 Frisingensia
1313 3175 1348 3215 ex
1371 3155 1472 3214 eodem

355 3268 415 3327 quo
447 3250 542 3310 nostri
574 3251 690 3312 codices
714 3251 773 3310 orti
796 3253 885 3326 sunt,
918 3249 1000 3310 fonte
1032 3265 1183 3309 emanasse
1211 3246 1296 3304 nobis
1329 3245 1387 3304 erit
1410 3263 1472 3303 ere·

354 3339 494 3399 dandum.

355 3493 566 3500 .----.--—-——-=

446 3567 473 3637 1)
493 3569 541 3635 ΙΙΙ,
566 3571 591 3635 6,
617 3569 652 3624 35
671 3588 711 3639 sq.
743 3569 836 3636 ,Non“
868 3569 938 3625 illud
967 3584 1018 3638 pro
1048 3566 1174 3622 codicum
1198 3563 1473 3636 Frisingensiumque

356 3641 475 3697 lectione
497 3640 585 3706 ,Neo“
607 3642 642 3697 ab
661 3647 822 3712 excerptore
840 3645 932 3697 ortum
951 3656 1009 3694 esse
1029 3639 1156 3694 arbitror.

445 3711 472 3780 2)
493 3712 662 3768 Inversuum
678 3715 725 3774 IV.
742 3717 764 3780 l,
784 3715 818 3766 39
828 3732 888 3782 sqq.
899 3709 1080 3782 dispositione
1095 3711 1117 3762 F
1135 3729 1198 3765 cum
1217 3708 1357 3764 codicibus
1377 3709 1474 3762 contra

356 3789 487 3855 excerpta
496 3785 669 3854 conspirasse
679 3802 712 3840 ex
723 3784 858 3854 scaligeri
874 3784 909 3838 de
927 3784 980 3837 hac
998 3799 1027 3836 re
1047 3782 1159 3836 silentio
1176 3798 1321 3852 possumus
1341 3778 1473 3833 conicere.
