3286 4978
764 511 804 520 -.
854 481 982 541 14..

311 673 416 715 versus
439 656 572 714 metrum
594 654 744 725 obstaret;
770 654 850 729 apud
873 655 1034 713 Paulinum
1058 653 1136 712 enim
1159 654 1432 714 Petrocordiensem

310 743 342 802 in
367 744 431 803 vita
455 742 501 803 St.
526 741 649 802 Martini
673 742 727 816 IV,
754 747 817 806 225
831 743 856 820 1)
882 743 1028 819 scriptum
1052 746 1110 802 est:

447 833 583 906 „Rursus
606 832 664 892 iter
688 850 807 910 gressus
831 832 1000 893 venerabile
1024 835 1145 892 sanetus
1170 834 1279 910 agebat

445 921 607 980 Carnotina
629 922 727 982 iacent
750 921 863 997 patulis
887 942 964 999 quaa
987 921 1104 982 moenia
1127 923 1270 998 campis“,

310 1013 347 1069 ut
370 1011 491 1071 Carnoti
515 1010 701 1087 paenultima
724 1012 871 1088 producta
895 1011 1118 1087 pronuntietur.
1168 1011 1210 1071 At
1233 1010 1332 1071 omnia
1356 1031 1432 1090 quae

309 1100 341 1158 in
358 1100 491 1160 Caesaris
515 1101 735 1160 commentariis
759 1103 865 1160 extant
889 1101 1022 1176 exempla
1046 1101 1200 1160 nominum
1216 1101 1303 1160 modo
1327 1118 1432 1159 seeun-

311 1190 383 1248 dum
414 1190 536 1249 tertiam
559 1190 647 1249 modo
671 1191 835 1249 secundum
863 1191 988 1249 alteram
1022 1190 1249 1250 declinationem
1276 1190 1431 1260 denorum,

311 1279 398 1338 velut
421 1278 566 1338 Santones
591 1282 621 1338 et
645 1278 770 1338 Santoni
781 1280 814 1353 2),
839 1279 968 1338 Teutoni
993 1281 1022 1337 et
1045 1279 1194 1339 Teutones
1205 1274 1240 1357 ³),
1272 1278 1432 1339 Atrebates

311 1373 341 1427 et
363 1368 504 1429 Atrebati
512 1369 550 1444 ⁴),
584 1367 698 1428 Caletes
729 1370 759 1427 et
784 1367 886 1441 caleti,
921 1369 978 1426 alia
1010 1369 1064 1427 hoe
1094 1369 1173 1428 inter
1196 1387 1227 1427 se
1250 1371 1431 1446 congruunt,

311 1459 391 1532 quod
415 1458 601 1534 paenultima
617 1458 733 1534 syllaba
756 1457 960 1535 corripiam).
1009 1456 1075 1527 Qua
1097 1458 1133 1517 de
1156 1476 1245 1517 causa
1268 1458 1348 1516 hand
1372 1458 1432 1518 scio

311 1567 347 1605 an
372 1547 462 1606 etiam
480 1547 626 1607 Carnutes
642 1546 828 1623 paenultima
845 1551 982 1623 correpta
998 1547 1256 1622 pronuntiandum
1272 1548 1321 1620 sit,
1346 1567 1431 1622 prae-

311 1637 414 1696 sertim
438 1656 507 1696 cum
528 1636 674 1695 Paulinus
690 1636 881 1696 Petrocorius
905 1656 965 1712 quo
981 1637 1092 1696 saeculi
1108 1637 1209 1712 quinti
1224 1641 1292 1712 post
1316 1635 1383 1695 Chr.
1400 1655 1429 1694 n.

311 1727 455 1803 scriptore
479 1745 539 1785 uno
563 1744 703 1786 mensura
726 1726 778 1783 illa
801 1726 941 1785 vocabuli
958 1726 1078 1796 nititur,
1104 1747 1171 1786 cum
1196 1726 1271 1785 alias
1294 1727 1431 1785 veterum

311 1816 392 1897 leges
415 1816 445 1874 in
469 1815 599 1876 carmine
632 1815 832 1890 componendo
862 1833 919 1873 non
952 1816 997 1896 ita
1027 1815 1188 1892 diligenter
1218 1815 1431 1884 observaverit,

309 1907 377 1964 tum
400 1905 530 1964 maxime
553 1905 584 1964 in
608 1905 763 1963 nominum
786 1905 977 1980 propriorum
1001 1904 1063 1962 sive
1092 1924 1269 1982 graecorum
1293 1922 1432 1964 mensura

311 1994 478 2069 peccaverit
494 1993 705 2073 saepissime⁶).
746 1994 823 2052 Tum
847 1994 942 2071 igitur
958 1993 1196 2071 Frisingsnsium
1212 1994 1362 2069 scriptura
1378 2013 1431 2068 pro

311 2084 447 2143 codicum
470 2083 597 2144 lectione
624 2082 785 2158 „Cerneti“
811 2083 977 2158 recipiatur
1001 2083 1168 2157 oportebit:

525 2172 664 2232 Carnutis
689 2174 719 2231 et
741 2172 812 2231 flavi
836 2173 954 2230 caerula
977 2172 1089 2247 limpha
1112 2172 1211 2250 Liger.

311 2262 376 2333 Qua
399 2262 525 2322 lectione
541 2265 660 2338 recepta
683 2262 824 2321 tollemus
841 2261 931 2320 ctiam
956 2261 1108 2321 elisionem
1132 2262 1215 2320 illam
1231 2261 1312 2320 vocis
1335 2262 1432 2320 forma

310 2352 431 2412 molossi
446 2351 539 2427 pedis,
557 2354 695 2427 correpta
710 2351 826 2427 syllaba
841 2354 984 2426 sequente
1001 2350 1169 2421 admissam,
1187 2369 1279 2425 qnam
1292 2351 1432 2410 Tibullus

310 2443 421 2501 vitasse
444 2441 575 2511 videtur,
600 2459 668 2499 oum
691 2458 842 2515 nusquam
866 2439 896 2497 in
921 2440 985 2499 eius
1002 2440 1183 2500 carminibus
1207 2441 1264 2499 nisi
1286 2441 1342 2500 boc
1364 2442 1428 2500 loco

309 2531 363 2590 illa
384 2531 567 2591 inveniatur.
955 2543 957 2548 ’

398 2620 433 2679 In
458 2638 547 2679 versu
571 2619 699 2695 denique
722 2618 747 2689 I,
774 2624 803 2692 2,
832 2623 870 2682 19
903 2617 1064 2677 verborum
1089 2620 1313 2679 collocationem
1338 2639 1429 2695 quarn

310 2709 514 2787 Frisingensia
537 2710 699 2785 praebent:

538 2799 596 2858 Illa
619 2798 705 2857 docet
728 2797 811 2856 molli
835 2796 941 2856 furtim
965 2799 1106 2874 derepere
1128 2799 1205 2858 lecto

309 2888 405 2966 magis
430 2907 464 2947 ex
488 2893 594 2964 poetae
617 2905 676 2946 usu
701 2905 764 2946 esse
779 2906 870 2960 quam
885 2907 963 2963 quas
986 2887 1017 2945 in
1038 2888 1148 2947 nostris
1171 2886 1322 2947 codicibus
1347 2887 1430 2944 extat

313 2977 440 3052 „furtim
470 2977 585 3048 molli“,
619 2994 720 3035 omnes
752 2976 805 3051 qui
835 2976 1078 3036 Tibullianorum
1109 2995 1251 3035 versuum
1283 2973 1429 3032 rationem

310 3069 470 3139 noverunt,
494 3067 623 3127 libenter
646 3065 732 3125 nobis
756 3065 925 3125 concedent.

399 3156 444 3216 De
474 3157 581 3215 ceteris
613 3156 715 3214 autem
746 3154 893 3214 librorum
924 3153 1131 3229 discrepantiis
1163 3171 1231 3212 curn
1264 3151 1322 3209 viri
1349 3151 1429 3210 docti

311 3264 411 3306 omnes
427 3245 623 3317 consentiant,
648 3244 707 3302 iam
723 3244 760 3302 ad
775 3244 892 3319 reliqua
907 3242 1019 3303 Tibulli
1043 3243 1182 3317 excerpta
1198 3241 1327 3300 transire
1348 3240 1428 3300 licet.

311 3335 425 3406 Quibus
458 3334 633 3393 examinatis
665 3353 737 3392 num
771 3333 845 3392 certi
868 3332 941 3410 quid
973 3333 1010 3392 de
1040 3332 1210 3408 eclogarum
1235 3330 1431 3406 codicumque

311 3425 488 3502 cognatione
511 3424 577 3483 erui
600 3423 703 3500 possit,
728 3421 907 3482 videbimus.

401 3653 427 3722 1)
446 3654 579 3726 Mignius‚
598 3654 700 3724 patrol.
719 3656 786 3707 tom.
806 3651 868 3706 LXI
886 3671 933 3722 pg.
954 3649 1023 3704 1042
1042 3651 1074 3705 Α.

401 3742 428 3810 2)
448 3743 547 3798 Confer
577 3743 695 3798 Ptolem.
727 3760 821 3813 geogr.
851 3741 876 3807 2,
896 3742 927 3794 6:
958 3739 1108 3806 Σάννονες,
1141 3741 1243 3796 Tibull.
1272 3743 1296 3808 Ι,
1323 3743 1352 3808 7,
1383 3742 1429 3795 1οε

311 3813 465 3870 Santinici.

400 3903 427 3971 3)
446 3903 546 3959 Confer
563 3903 688 3972 Propert.
707 3900 755 3965 ΙΙΙ,
774 3901 799 3966 2,
819 3901 867 3955 44:
887 3899 1064 3956 Teutonicus.

400 3991 428 4061 4)
447 3992 547 4047 Confer
565 3991 659 4046 Sidon.
679 4009 762 4045 carm.
783 3989 808 4055 5,
827 3989 893 4044 212:
913 3985 1089 4045 lusesium.

401 4090 428 4158 5)
447 4091 488 4145 De
507 4091 615 4145 incerta
643 4088 783 4143 vocalium
809 4105 939 4142 mensura
965 4089 1039 4158 apud
1065 4089 1184 4143 Graecos
1204 4088 1251 4141 cfr.
1272 4084 1362 4138 Strab.
1384 4083 1430 4149 IV,

311 4162 337 4231 3,
358 4163 421 4218 194:
442 4163 557 4213 Κάλετοι
576 4164 605 4216 et
622 4161 739 4216 Ptolem.
759 4176 853 4230 geogr.
874 4159 899 4225 2,
919 4161 933 4213 7
953 4179 1000 4230 pg.
1022 4161 1086 4214 137:
1106 4156 1232 4222 Καλῆται.

402 4259 429 4327 6)
449 4261 509 4327 Qua
537 4261 571 4314 de
597 4278 626 4314 re
645 4259 735 4314 confer
757 4277 830 4327 quae
853 4257 898 4313 W.
920 4259 950 4313 s:
967 4259 1131 4322 Teutlolinn,
1156 4257 1234 4311 Rbm.
1259 4254 1314 4308 litt.
1333 4253 1395 4320 474,
1414 4253 1430 4305 3

313 4333 470 4406 disputavit
489 4328 600 4400 (crime,
619 4328 803 4398 minorante.)
