3286 4978
622 495 841 555 -45-

391 673 525 747 bytanus
541 670 690 729 secundus
706 669 760 745 qui
775 668 904 728 Pontani
922 668 998 728 solet
1021 667 1143 727 inventa
1166 665 1291 742 sequi“;

391 761 483 819 immo
515 778 586 818 vero
619 759 774 818 Pontanus
805 759 888 818 illius
918 758 1061 817 lectiones
1088 755 1217 832 optimas
1246 774 1291 815 se·

392 853 483 910 cutus
507 851 561 908 est.

259 948 289 1015 4,
306 946 365 1006 36:
389 940 441 998 ille
465 937 491 998 G
519 973 555 981 —
581 938 654 1013 ipse,
679 941 734 998 oet.

261 1037 290 1104 5,
304 1035 364 1096 82:
390 1032 439 1089 eat
463 1027 490 1087 G
516 1062 549 1071 —-
580 1028 649 1098 erit,
673 1030 729 1087 cet.

262 1125 292 1189 6,
306 1124 366 1183 45:
388 1121 474 1178 necat
497 1115 524 1175 G
553 1151 585 1160 -
614 1119 708 1190 vetat,
732 1121 789 1177 cet.

180 1236 239 1306 ΙΙΙ,
265 1239 295 1308 4,
310 1239 367 1299 64:
390 1253 477 1309 prece
501 1232 527 1292 G
552 1269 591 1278 -
616 1233 685 1306 fide,
710 1235 765 1293 cet.
790 1231 858 1308 (cfr.
882 1231 940 1302 III,
966 1235 996 1301 6,
1022 1232 1076 1304 46)

264 1329 293 1395 6,
329 1329 364 1388 2:
389 1341 476 1401 geras
501 1321 527 1382 G
552 1357 592 1365 -·
617 1323 704 1393 feras,
730 1323 792 1381 cet:

7 1487 9 1510 ,
133 1511 135 1516 Ι
184 1431 236 1506 IV,
257 1436 290 1505 ¹l,
330 1436 363 1493 l:
388 1433 443 1489 tua
466 1429 528 1505 (vel
552 1433 611 1505 me)
635 1427 661 1488 G
688 1463 724 1472 —
752 1448 828 1498 mea,
854 1430 911 1487 cet.

260 1526 289 1593 8,
326 1525 363 1584 8:
389 1517 536 1588 Quoniam
561 1517 587 1575 G
610 1554 650 1563 —
675 1517 827 1592 Quamvis,
852 1519 908 1578 oet.

168 1679 280 1738 Tamen
304 1679 359 1739 hae
383 1679 523 1738 lectiones
548 1679 686 1754 quamvis
709 1679 894 1754 praeclarae,
919 1677 1045 1737 fortasse
1068 1697 1177 1753 parum
1201 1696 1292 1754 grave

170 1771 384 1846 argumentum
418 1768 512 1827 videri
545 1771 688 1842 possunt,
722 1787 775 1827 cur
803 1767 933 1827 codicem
964 1766 990 1826 G
1014 1766 1139 1827 alterius
1162 1766 1292 1824 familiae

170 1878 233 1918 esse
257 1861 438 1920 statuamus,
478 1856 536 1916 sed
552 1858 648 1933 quid?
672 1857 697 1916 si
722 1862 861 1933 excerpta
876 1857 978 1932 aliqua
1001 1877 1018 1914 a
1041 1857 1135 1932 stirpe
1156 1856 1292 1916 codicum

169 1949 344 2007 nostrorum
360 1946 476 2006 diversa
492 1966 561 2005 cum
584 1947 636 2006 illo
661 1946 809 2006 affinitate
833 1946 994 2006 coniuncta
1017 1965 1080 2006 esse
1104 1946 1290 2018 evicerimus,

171 2038 350 2097 concedetur
379 2036 529 2112 profecte,
562 2037 636 2094 duas
668 2036 753 2095 nobis
785 2036 815 2093 in
844 2034 958 2094 Tibulli
989 2035 1171 2094 carminibus
1202 2034 1291 2094 resti-

170 2126 291 2186 tuendis
315 2126 450 2185 codicum
473 2125 603 2184 familias
626 2144 689 2185 esse
708 2127 837 2200 praesto,
863 2125 988 2184 alteram
1011 2125 1048 2192 Y,
1074 2126 1199 2184 alteram
1222 2124 1290 2183 libri

170 2215 409 2291 Guelferbytani.
449 2213 597 2290 Excerpta
613 2218 714 2274 autem
729 2215 782 2274 illa
807 2217 925 2274 exstant
947 2215 978 2272 in
1002 2214 1148 2292 florilegio
1172 2213 1291 2291 gallico,

171 2306 208 2367 de
230 2324 291 2381 quo
315 2324 407 2380 supra
439 2307 515 2380 (cap.
541 2303 566 2374 Ι,
592 2308 607 2378 ἓ
634 2312 652 2368 3
678 2308 707 2364 et
731 2303 764 2386 4)
797 2304 936 2380 pluribus
969 2304 1209 2381 disputavimus,‚
1241 2302 1293 2360 sed

173 2413 232 2469 quo
248 2394 433 2472 cognationis
449 2395 546 2471 gradu
562 2394 741 2454 recentiores
765 2394 879 2454 codices
902 2396 1018 2453 nostros
1043 2394 1208 2478 contingat,
1232 2411 1292 2451 non

175 2484 325 2558 potuimus
348 2483 525 2559 perspicere.
602 2501 603 2504 ’

262 2598 359 2668 Quam
390 2602 454 2658 arte
478 2617 549 2658 vero
573 2619 590 2657 a
614 2599 791 2676 cognatione
823 2602 961 2674 excerpta
984 2597 1120 2657 Parisina
1148 2599 1178 2656 et
1201 2596 1292 2656 codex

173 2687 198 2746 G
221 2688 299 2747 inter
324 2707 354 2747 se
378 2689 563 2758 cohaereant,
588 2687 785 2748 Baehrensius
809 2689 921 2764 proleg.
946 2707 997 2764 pg.
1010 2687 1082 2745 XIV
1105 2687 1291 2747 demonstra·

173 2777 227 2850 vit,
253 2797 313 2853 quo
336 2778 400 2838 loco
424 2777 536 2836 Italum
561 2777 708 2852 quendam
731 2777 870 2854 florilegii
893 2776 1022 2835 codicem
1042 2778 1166 2836 nactum
1182 2795 1292 2835 novam

171 2867 248 2926 hanc
272 2865 502 2942 Guelferbytani
525 2867 724 2925 recensionem
747 2866 906 2925 instituere
936 2884 996 2924 non
1020 2866 1154 2941 potuisse
1176 2866 1291 2941 primae

172 2956 285 3033 elegiae
316 2957 495 3016 lectionibus
527 2954 624 3014 evicit.
672 2953 788 3024 Quibus
815 2955 987 3031 ponderatis
1018 2955 1073 3013 hoc
1104 2955 1206 3030 posuit
1229 2954 1290 3025 ille,

171 3046 346 3120 ubicunque
381 3049 519 3120 excerpta
556 3045 793 3104 destituerentur
824 3044 1055 3119 Guelferbytani
1090 3043 1290 3113 consensione,

171 3134 416 3210 interpolationes
448 3135 508 3193 iam
539 3134 734 3209 deprehendi,
768 3135 940 3210 ubicunque
964 3137 1065 3192 autem
1090 3133 1291 3192 consentirent

173 3223 235 3296 illa,
259 3224 509 3299 praeclarissimas
532 3223 594 3283 fere
617 3223 759 3282 lectiones
783 3226 819 3283 ab
844 3225 885 3283 eis
909 3224 999 3282 tradi.
1038 3222 1119 3282 Haec
1143 3221 1291 3281 sententia

171 3331 245 3369 num
269 3314 358 3372 etiam
382 3319 550 3373 ceterorum
574 3314 740 3372 carminum
763 3313 941 3371 lectionibus
965 3315 1110 3388 probetur
1125 3311 1289 3370 videamus.

170 3402 274 3477 Atque
296 3404 427 3478 primum
451 3403 572 3479 quidem
596 3421 644 3460 eas
666 3401 807 3460 lectiones
823 3403 1049 3477 perlustremus
1075 3401 1185 3478 quibus
1209 3400 1290 3458 flori·

170 3489 284 3568 legium
313 3493 457 3568 gallicum
491 3493 589 3569 quoad
623 3491 686 3550 eius
720 3491 885 3566 scripturas
918 3509 1074 3569 germanas
1106 3511 1141 3549 ex
1173 3490 1290 3548 duobus

170 3580 255 3639 libris
279 3581 420 3640 Parisinis
452 3581 591 3658 colligere
622 3599 798 3656 possumus,
835 3600 903 3640 cum
933 3581 1031 3640 codice
1055 3579 1290 3654 Guelferbytano

170 3671 327 3730 consentit.
375 3669 453 3728 Sunt
477 3673 580 3730 autem
603 3671 674 3729 hae:
773 3667 775 3672 ’

526 3857 563 3917 G.
587 3858 655 3916 Par.
980 3856 1006 3913 Y

408 3973 434 4045 Ι,
459 3979 489 4046 4,
516 3979 574 4039 29:
600 3973 735 4048 deperdit
878 3975 909 4032 te
931 3973 1030 4048 perdit

459 4069 488 4137 9,
537 4068 573 4128 9:
597 4062 747 4137 petituras
881 4063 1030 4137 petituros

437 4158 487 4226 10,
512 4157 572 4216 39:
597 4149 694 4220 Quam
881 4149 960 4220 Quin

438 4246 487 4314 10,
512 4246 571 4305 49:
597 4240 699 4299 bidens
880 4241 979 4300 nitens

322 4349 485 4406 vomerque
507 4331 612 4409 vigent
636 4329 727 4405 (nitet
751 4329 821 4406 Per)
879 4348 981 4390 vomer
1005 4328 1115 4389 viderit
