3286 4978
808 448 1025 508 ...pg-

358 619 415 681 Sed
439 621 565 682 fortasse
590 622 703 697 ,hanc“
730 623 799 698 post
824 622 986 699 ,posthac“
1014 626 1058 684 est
1080 624 1293 701 supplendum.
1317 626 1371 697 IV,
1390 633 1419 702 7,
1438 633 1475 692 8:

357 709 463 768 AVB
486 712 536 771 de:
561 711 591 770 id
615 710 712 786 venio,
735 711 844 772 ceteri:
868 711 899 771 id
922 731 1017 774 neme.

446 798 504 859 Sed
535 819 570 860 ex
604 799 650 859 his
680 800 844 861 lectionum
876 802 1075 863 varietatibus
1107 803 1181 862 nihil
1211 805 1268 865 nisi
1297 804 1353 865 hoc
1375 809 1476 882 potest

357 888 468 966 colligi,
492 891 658 966 utrumque
681 890 771 950 unius
796 891 989 968 eiusdemque
1012 892 1116 969 stirpis
1140 912 1201 954 esse
1224 895 1414 974 progeniem:
1438 897 1474 956 de

356 977 514 1038 affinitatis
538 979 636 1056 gradu
658 979 726 1040 hinc
750 980 825 1040 nihil
848 981 923 1042 certi
945 1000 1042 1042 eruas.
1090 981 1196 1043 Potuit
1227 985 1305 1044 enim
1337 1004 1416 1045 unus
1440 1005 1475 1046 ex

357 1067 451 1128 altero
474 1067 537 1144 ipse
560 1087 622 1128 esse
645 1073 812 1148 prognatus
835 1069 879 1131 ita
902 1072 938 1129 ut
956 1070 1018 1129 solo
1034 1075 1158 1146 parente
1174 1074 1212 1132 ad
1227 1075 1362 1135 criticam
1379 1077 1474 1136 artam

356 1156 552 1216 iactitandam
575 1159 659 1219 nobis
683 1178 758 1237 opus
782 1161 867 1231 esset,
893 1159 1022 1218 alterum
1045 1159 1159 1235 optimo
1182 1162 1249 1223 iure
1279 1165 1473 1225 obiceremur.

356 1244 441 1306 Hanc
465 1247 670 1323 quaestionem
692 1249 790 1326 igitur
813 1247 1086 1326 diiudicaverimuS,
1111 1248 1136 1307 si
1159 1253 1213 1308 aut
1235 1270 1335 1313 omnes
1351 1255 1475 1315 alterius

356 1334 497 1395 lectiones
520 1335 651 1396 diversas
675 1337 791 1397 librarii
814 1336 949 1396 socordia
980 1335 1028 1394 vel
1058 1335 1289 1411 interpolatione
1320 1341 1475 1418 irrepsisse

356 1427 410 1483 aut
431 1425 506 1484 tales
529 1424 608 1487 inter
630 1429 796 1502 utrumque
811 1424 923 1484 librum
939 1426 1041 1484 extare
1056 1423 1268 1501 discrepantias
1284 1428 1473 1504 evicerimus,

356 1514 460 1590 quales
491 1514 571 1574 inter
601 1519 718 1592 patrem
741 1517 771 1576 et
794 1513 908 1587 filium,
936 1518 973 1574 ut
996 1514 1040 1573 ita
1062 1513 1178 1589 dicam,
1210 1513 1392 1576 intercedere
1415 1537 1473 1577 non

357 1606 402 1664 est
425 1603 489 1662 veri
511 1603 617 1664 simile.

445 1691 523 1752 Sunt
538 1713 609 1754 vero
632 1693 779 1771 plurimae
795 1693 1012 1755 vocabulorum
1035 1691 1197 1754 varietates
1221 1713 1271 1755 eae
1294 1714 1370 1772 quae
1394 1715 1474 1754 mera

355 1781 549 1842 librariorum
582 1783 772 1862 neglegentia
808 1787 837 1842 et
869 1783 1003 1866 inscitia,
1038 1784 1126 1859 lapsu
1159 1783 1264 1845 calami
1299 1784 1348 1844 vel
1384 1784 1474 1846 etiam

355 1871 523 1948 scripturae
554 1872 734 1950 compendiis
765 1873 864 1933 minus
894 1874 975 1932 recte
1007 1872 1167 1934 intellectis
1200 1876 1283 1934 ortae
1306 1893 1369 1935 esse
1392 1874 1475 1936 vide·

357 1963 457 2035 antur,
482 1961 567 2020 velut
590 1961 615 2033 Ι,
643 1968 671 2038 5,
698 1967 756 2026 50:
781 1959 823 2020 V:
848 1961 989 2034 tristitia,
1014 1981 1067 2037 per
1090 1962 1322 2040 geminationem
1345 1983 1380 2022 ex
1404 1983 1476 2024 voce

358 2048 496 2126 ,tristia“
516 2070 607 2126 quam
631 2052 658 2110 A
682 2052 811 2124 exhibet,
835 2050 860 2128 Ι,
886 2056 916 2123 3,
942 2056 1000 2128 38;
1025 2051 1069 2109 A:
1094 2047 1183 2122 veiis,
1209 2050 1251 2110 V:
1277 2052 1396 2127 veterio,
1422 2073 1475 2129 pro

356 2158 417 2215 qua
450 2139 577 2200 lectione
611 2141 703 2203 ceteri
736 2142 811 2201 recti
842 2142 988 2217 praebent
1022 2140 1171 2215 ,ventis“.
1226 2139 1369 2200 Attamen
1405 2141 1474 2200 talis

355 2228 553 2290 Ambrosiano
569 2250 639 2290 cum
656 2230 799 2291 Vaticano
821 2230 980 2291 intercedit
1002 2229 1090 2302 ratio,
1115 2234 1152 2290 ut
1174 2248 1232 2289 non
1255 2248 1371 2306 semper
1392 2230 1472 2290 idem

355 2337 457 2378 veram
488 2321 518 2377 et
548 2339 721 2398 germanam
744 2318 852 2380 codicis
875 2319 1031 2396 archetypi
1054 2319 1212 2380 lectionem
1235 2321 1394 2395 praebeat,
1423 2320 1474 2379 sed

354 2407 441 2467 modo
457 2407 505 2468 hic
520 2409 607 2470 modo
623 2409 673 2470 ille
689 2409 763 2486 quid
778 2409 809 2467 in
824 2408 986 2485 archetypo
1002 2409 1146 2480 extiterit,
1171 2409 1319 2469 ostendat.
1366 2407 1475 2484 Itaque

355 2516 424 2556 oum
449 2517 484 2557 ex
505 2499 596 2558 tertio
621 2498 722 2576 aliquo
740 2498 872 2559 eiusdem
887 2498 1019 2558 familiae
1037 2498 1136 2558 codice
1153 2497 1292 2559 Vaticani
1315 2497 1475 2559 librarium

355 2586 520 2663 scripturas
543 2606 612 2648 suas
636 2588 869 2664 praestantiores
893 2587 1101 2663 assumpsisse,
1125 2606 1183 2647 non
1205 2588 1370 2648 habeamus
1394 2589 1474 2663 quod

354 2676 558 2751 suspicemur,
590 2678 721 2738 codicem
749 2678 776 2736 V
809 2697 844 2737 ex
878 2677 1077 2737 Ambrosiano
1106 2677 1292 2753 descriptum
1324 2695 1385 2738 esse
1415 2695 1473 2736 non

354 2783 440 2842 posse
456 2771 589 2843 apparet.
628 2767 683 2828 Est
705 2767 802 2847 igitur
818 2770 849 2828 et
871 2768 961 2828 codex
984 2766 1012 2825 A
1036 2770 1066 2827 et
1090 2768 1181 2828 codex
1204 2767 1231 2824 V
1254 2767 1344 2826 unius
1368 2767 1472 2842 patris,

355 2859 392 2913 ut
414 2855 459 2915 ita
482 2856 596 2932 dicam,
630 2857 728 2929 filius,
762 2877 858 2934 neque
889 2857 950 2917 alia
973 2856 1105 2918 affinitas
1128 2856 1207 2917 inter
1231 2875 1279 2916 eos
1302 2855 1471 2925 intercedit,

355 2943 413 3003 nisi
436 2964 470 3004 ea
493 2965 571 3022 quae
594 2947 672 3006 inter
695 2946 826 3005 diversos
849 2946 939 3005 unius
962 2947 1064 3022 stirpis
1087 2946 1227 3005 ramulos.

444 3033 530 3104 Quod
553 3038 590 3094 ut
613 3034 754 3112 exemplis
777 3035 849 3094 satis
872 3035 1061 3105 illustretur,
1086 3035 1206 3093 afferam
1228 3031 1372 3092 maximas
1395 3032 1474 3092 inter

354 3122 447 3183 libros
470 3124 499 3183 A
522 3127 552 3184 et
575 3124 602 3182 V
626 3124 839 3200 discrepantias
861 3123 905 3182 ita
927 3126 963 3183 ut
987 3141 1035 3182 eas
1058 3121 1199 3182 lectiones
1222 3139 1297 3198 quas
1320 3121 1352 3181 in
1375 3121 1474 3182 codice

355 3212 516 3290 utriusque
532 3214 694 3291 archetypo
711 3213 845 3273 extitisse
860 3211 984 3286 arbiter,
997 3211 1095 3288 priore
1110 3211 1174 3272 loco
1190 3231 1315 3288 ponam:
1329 3210 1354 3284 Ι,
1371 3216 1398 3282 l,
1416 3216 1473 3276 19:

356 3300 384 3358 V
396 3301 423 3360 G
435 3301 474 3364 0:
500 3302 595 3363 felicis
609 3338 649 3348 -
663 3303 690 3361 Α
702 3302 728 3360 Β
740 3299 794 3362 A¹:
819 3301 929 3374 felices,
946 3301 1022 3361 miro
1037 3319 1146 3363 errore.
1163 3300 1188 3373 I,
1206 3306 1233 3372 l,
1248 3305 1306 3364 24:
1325 3301 1352 3359 A
1363 3298 1423 3360 GB
1433 3299 1455 3360 (i
1466 3321 1472 3360 :

355 3390 473 3464 clamet,
497 3390 589 3451 VA12
613 3393 733 3453 clamat.
780 3391 805 3460 Ι,
831 3396 861 3463 2,
888 3397 947 3456 99:
972 3389 1053 3451 VG:
1078 3390 1181 3450 debita
1209 3424 1244 3434 -
1272 3390 1299 3448 A
1322 3390 1472 3451 Lachm.

355 3481 458 3542 dedita
492 3481 578 3558 (item
607 3480 648 3553 II,
675 3487 704 3556 5,
734 3488 769 3546 ll
795 3479 920 3552 AVG,
952 3479 1011 3540 Bc
1044 3479 1203 3540 exhibent:
1242 3479 1318 3555 „tihi
1352 3480 1473 3540 debitus

356 3575 487 3650 augur“,
520 3572 600 3648 quod
623 3571 654 3629 in
678 3571 740 3631 solo
763 3567 798 3630 A¹
821 3571 853 3629 in
878 3569 1036 3646 ,deditus“
1070 3568 1146 3629 illud
1176 3568 1295 3630 facilius
1318 3569 1474 3630 intellectu

356 3663 523 3720 correctum
552 3663 620 3738 eat.)
666 3659 691 3734 Ι,
717 3666 747 3732 3,
773 3664 831 3725 63:
868 3657 951 3719 AG:
977 3658 1031 3729 Ac,
1055 3657 1113 3718 Bc:
1138 3657 1212 3731 Hac,
1237 3655 1308 3719 VA¹
1331 3659 1384 3719 de:
1420 3658 1472 3730 At,

356 3768 449 3826 quam
471 3749 628 3811 lectionem
651 3751 777 3826 apparet
799 3767 861 3810 esse
885 3751 1068 3824 corruptam,
1093 3749 1234 3825 quoniam
1257 3747 1361 3809 statim
1384 3767 1413 3807 v.
1432 3753 1472 3813 67

356 3839 506 3916 particula
531 3839 611 3915 ,Au
630 3838 777 3916 sequitur,
803 3837 986 3914 epanalepsis
1002 3840 1105 3897 autem
1119 3838 1175 3899 hoc
1189 3840 1253 3898 loco
1269 3838 1342 3898 ferri
1357 3837 1472 3914 nequit.

355 3927 382 4003 I,
406 3932 437 3998 4,
463 3933 523 3994 56:
548 3927 621 3999 VG,
644 3927 790 3992 Lachm.
815 3929 906 4000 volet,
930 3927 975 3986 A:
998 3927 1081 3987 velit.
1121 3927 1146 3999 I,
1161 3933 1191 4000 4,
1209 3931 1267 3993 81:
1292 3926 1369 3999 VG,
1386 3923 1483 3986 A¹0:.

357 4016 427 4078 Heu
448 4017 518 4090 heu,
543 4017 625 4082 AB:
650 4015 767 4078 Hcheu.
813 4015 838 4089 I,
864 4021 894 4090 6,
919 4021 976 4082 38:
1001 4015 1078 4090 AG,
1102 4013 1192 4080 A¹c:
1221 4018 1364 4091 detrecto,
1388 4014 1473 4078 VB:

357 4108 502 4180 detracto,
525 4126 607 4168 mero
631 4126 739 4168 errore.
784 4105 810 4178 I,
837 4112 866 4179 7,
892 4111 950 4171 57:
975 4104 1052 4179 VG,
1076 4103 1150 4168 A¹c:
1185 4105 1256 4181 Nec,
1280 4103 1391 4164 ABd:
1415 4103 1471 4167 Ne.
1557 4155 1560 4162 .

357 4196 382 4271 I,
407 4201 437 4272 8,
462 4201 523 4262 41:
547 4195 630 4257 Aa:
655 4195 804 4266 iuventas,
829 4191 959 4259 VA¹B2
983 4195 1118 4268 iuventa,
1143 4195 1182 4256 0:
1199 4195 1352 4256 iuventus.
1377 4192 1472 4266 1,10‚

358 4292 419 4360 41:
444 4286 524 4352 Ade
548 4285 639 4355 Par:
665 4289 705 4368 at,
730 4281 844 4354 A'cV:
868 4289 913 4358 ut,
939 4283 981 4344 G:
999 4289 1062 4359 aut,
1088 4285 1128 4350 B:
1146 4304 1188 4347 ac.
1213 4281 1254 4348 Il.
1273 4287 1302 4360 3,
1321 4283 1471 4360 80:VG,
