3286 4978
625 473 844 535 ..31-

174 671 274 728 neque
297 648 494 726 expluribus
518 646 738 707 contaminatus
760 646 861 719 libris;
894 665 964 705 nam
993 646 1072 706 certe
1094 643 1235 704 lectiones
1259 665 1294 705 ex

176 741 252 801 alius
275 739 377 816 stirpis
408 737 509 797 codiee
541 737 686 813 ascriptas
709 737 758 796 vel
787 736 1024 811 superscriptas,
1058 734 1145 816 sicut¹
1159 733 1191 791 in
1213 752 1293 793 com-

174 819 310 906 pluribus
342 826 494 888 undecimi
526 826 731 886 duodecimive
763 824 876 886 sacculi
899 824 984 885 libris
1008 824 1124 884 factum
1147 823 1293 894 videmua

171 939 228 978 non
254 918 412 990 exhibuit;
447 935 561 992 paucae
592 915 670 974 enim
697 915 766 974 illac
790 914 891 974 variae
913 914 1074 987 lectiones,
1107 931 1181 990 quas
1204 913 1294 990 paulo

170 1029 264 1085 supra
289 1011 355 1084 (pg.
380 1011 433 1079 29,
456 1005 523 1064 adn.
549 1007 581 1080 l)
613 1005 644 1063 in
668 1024 702 1065 eo
726 1003 860 1064 extitisse
884 1003 998 1078 opinati
1022 1021 1144 1074 sumus,
1176 1021 1236 1062 non
1260 1022 1295 1062 ex

171 1099 232 1157 alia
255 1097 395 1157 codicum
416 1093 543 1163 familia,
575 1096 626 1153 sed
655 1114 689 1153 ex
712 1093 825 1153 scribae
848 1095 969 1151 tantum
993 1092 1183 1152 dubitatione
1207 1095 1237 1152 et
1260 1111 1296 1151 ex

172 1188 331 1263 scriptura
353 1204 456 1261 parum
478 1184 560 1244 clara
591 1187 710 1244 exortae
733 1183 884 1242 videntur.
932 1180 1017 1251 Quod
1042 1184 1145 1242 autem
1168 1180 1199 1240 in
1221 1199 1295 1239 non-

174 1276 329 1335 nullarum
364 1273 519 1351 eligiarum
559 1273 696 1333 versibus
731 1271 835 1348 primis
865 1270 962 1348 prima
993 1271 1097 1331 littera
1127 1271 1210 1330 deest
1241 1273 1297 1330 aut

177 1365 253 1424 falsa
275 1366 320 1424 est
343 1363 453 1434 addita,
477 1362 545 1422 inde
568 1362 666 1422 neseio
689 1381 726 1420 an
742 1361 881 1440 colligere
902 1360 1059 1438 possimne,
1083 1380 1121 1420 ne
1142 1360 1174 1418 in
1197 1360 1296 1419 codice

178 1455 339 1530 archetypo
373 1453 494 1528 quidem
518 1473 535 1511 a
558 1452 716 1512 miniatore
739 1469 840 1511 omnes
863 1451 981 1511 litteras
1007 1449 1136 1510 initiales
1161 1449 1295 1525 appictas

174 1533 274 1614 fuisse,
299 1543 343 1601 ita
366 1545 403 1602 ut
426 1541 544 1601 librarii
575 1541 629 1617 qui
651 1543 768 1601 nostros
792 1540 905 1600 codices
929 1540 1152 1610 describebant,
1176 1538 1296 1617 saepius

172 1636 227 1692 aut
242 1632 318 1691 nihil
336 1631 497 1706 adicerent,
522 1631 607 1690 velut
629 1631 660 1689 in
677 1630 776 1691 codice
800 1629 844 1688 V:
868 1629 909 1700 Π,
935 1635 965 1704 4,
993 1635 1027 1694 l:
1051 1629 1094 1703 Ie,
1110 1626 1168 1699 ΙΙΙ,
1188 1632 1217 1700 6,
1235 1633 1294 1692 33:

170 1722 187 1781 Ι
210 1723 297 1792 mibi,
319 1721 374 1796 IV,
401 1726 431 1792 5,
460 1727 493 1784 l:
526 1719 570 1793 St,
596 1723 651 1780 aut
674 1720 773 1780 minus
796 1722 893 1790 reete,
918 1718 1067 1778 sententia
1091 1737 1182 1793 prave
1206 1717 1295 1776 intel·

172 1812 270 1883 lecta,
302 1810 448 1870 vocabule
471 1810 660 1886 supplerent,
685 1809 823 1870 velutin
847 1808 945 1868 codice
969 1807 997 1865 A
1020 1806 1077 1882 III,
1104 1813 1132 1880 5,
1161 1812 1197 1870 1:
1222 1807 1294 1878 Noa,

178 1901 234 1960 ubi
257 1900 285 1957 V
308 1901 429 1976 praebet
450 1903 527 1972 “„os“
554 1898 639 1979 (vera
661 1899 750 1959 lectio
775 1902 857 1958 erat:
881 1897 966 1974 Vos).

267 1988 314 2048 Ab
338 1989 391 2048 boc
413 1989 511 2066 igitur
534 1989 633 2048 codiee
655 1987 683 2046 Y
705 1988 853 2048 librorum
876 1987 904 2046 A
928 1989 959 2046 et
981 1987 1009 2043 V
1032 1987 1196 2063 archetypo
1226 2004 1295 2061 pro-

177 2079 267 2138 ficisci
294 2078 455 2149 debemus,
489 2077 514 2136 si
536 2077 721 2137 Lachmanni
743 2077 890 2138 librorum
914 2077 1126 2137 auctoritatem
1149 2075 1295 2152 pretium·

174 2188 234 2246 que
256 2168 455 2245 inquiremus
502 2167 687 2227 Accedamus
711 2187 791 2227 nuno
814 2167 852 2226 ad
875 2166 971 2240 illum,
997 2186 1087 2242 quem
1110 2185 1178 2225 cum
1198 2165 1295 2223 Baeh-

171 2257 319 2317 rensianis
332 2257 480 2318 artissime
496 2257 691 2317 coniunctum
707 2275 769 2317 esse
784 2259 912 2328 constat,
929 2256 1059 2316 codicem
1073 2254 1245 2314 Parisinum
1260 2255 1294 2313 B.

518 2501 574 2559 111.
593 2501 634 2557 Ile
653 2502 750 2558 codice
768 2501 901 2559 Parisino
921 2503 953 2559 B.

265 2631 405 2692 Alterum
417 2632 600 2693 Lachmanni
616 2633 746 2693 codicem
770 2652 859 2707 quem
875 2631 1090 2692 Eboracensem
1115 2629 1296 2690 auctoritate

179 2721 344 2797 adaequare
368 2721 411 2780 ait
434 2722 481 2781 vir
503 2722 554 2781 ille
577 2721 777 2795 doctissimus,
802 2720 1014 2780 ParisinumB
1038 2721 1169 2780 eiusdem
1194 2720 1296 2795 stirpis

177 2829 238 2872 esse
272 2816 365 2888 atque
396 2811 628 2871 Ambrosianum
662 2810 902 2887 Vaticanumque
940 2810 1118 2880 Baehrensi‚
1151 2809 1212 2868 iam
1242 2809 1296 2868 illa

174 2900 339 2960 lectionum
362 2902 546 2973 communio,
578 2919 653 2977 quas
676 2901 707 2958 in
730 2899 845 2958 familia
867 2899 895 2958 Y
917 2899 1074 2959 tractanda
1097 2917 1189 2975 supra
1212 2901 1296 2957 attu-

173 2990 307 3066 limus1),
341 2990 497 3050 confirmat
512 2989 513 2996 '
527 3009 704 3066 omnemque
727 2989 948 3049 dubitationem
970 2989 1061 3052 tollit.
1110 2987 1207 3058 Quam
1230 2990 1297 3047 arte

174 3081 278 3139 autem
308 3098 376 3139 eum
407 3080 558 3140 codicibus
580 3079 641 3138 illis
664 3079 834 3152 cohaereat,
868 3079 979 3156 optimc
1009 3079 1216 3137 demonstrant
1238 3076 1296 3137 loci

174 3169 203 3228 ei
227 3169 338 3244 quibus
360 3168 482 3229 illorum
505 3171 611 3229 menda
634 3169 799 3248 singularia
821 3187 876 3229 suo
892 3172 988 3228 marte
1003 3167 1131 3227 Parisini
1154 3166 1296 3250 librarius

174 3258 296 3316 studuit
318 3258 482 3337 corrigere;
507 3259 635 3334 exempli
658 3261 748 3318 causa
771 3259 893 3318 afferam
917 3259 987 3319 hos:
1020 3256 1045 3331 Ι,
1071 3262 1101 3327 3,
1126 3261 1185 3320 25:
1210 3255 1294 3316 AV:
1345 3273 1350 3283 ·

176 3346 278 3420 deum,
311 3346 354 3405 B:
387 3348 553 3424 deumque,
587 3347 622 3422 G,
635 3344 706 3407 A¹c
728 3351 825 3408 recte:
861 3348 942 3408 dum.
978 3347 1027 3419 ΙΙ,
1052 3351 1089 3418 4,
1114 3351 1175 3410 33:
1211 3345 1294 3403 AV:

176 3436 313 3495 custodia
335 3438 459 3509 incerta,
484 3457 537 3513 pro
562 3457 622 3513 quo
645 3437 670 3495 Β
693 3436 775 3496 haud
798 3437 842 3496 ita
865 3437 965 3513 inepte
988 3437 1125 3512 praebet:
1161 3435 1296 3495 custodia

175 3543 272 3600 coeca,
297 3524 333 3596 0,
347 3523 416 3585 1110
441 3527 470 3586 id
494 3527 574 3603 quod
598 3547 704 3586 verum
728 3530 788 3599 est,
813 3526 970 3586 exhibent:
995 3527 1085 3586 victa.
1120 3524 1294 3596 111‚1‚1o:

175 3615 205 3673 A
215 3614 260 3672 V:
280 3614 501 3692 Castaliamque
516 3617 697 3688 umbrosam,
713 3615 739 3673 B
755 3619 791 3674 ut
807 3616 907 3675 versui
923 3617 1125 3676 succurreret:
1143 3613 1293 3674 Castiliam

176 3706 363 3774 umbrosam,
397 3703 433 3779 G,
446 3700 518 3764 A¹c
539 3707 636 3765 recto:
670 3705 884 3780 Oestiliamque
915 3707 1065 3768 umbram.
1100 3703 1154 3778 IV,
1183 3709 1210 3774 l,
1236 3708 1294 3767 40:

110 3841 115 3854 .
178 3793 255 3852 AV:
279 3794 328 3854 hic
344 3797 407 3869 aut,
431 3813 485 3870 pro
508 3795 644 3854 codicum
659 3794 696 3876 0,
709 3792 778 3854 A¹0
801 3795 943 3854 lectione:
968 3795 1016 3854 hie
1033 3800 1087 3853 aut
1102 3792 1168 3865 hic,
1193 3793 1219 3850 B
1234 3812 1295 3852 una

176 3903 245 3942 cum
269 3883 364 3943 altero
390 3884 475 3958 „hic“
503 3884 797 3960 etiam'particulam
823 3886 915 3958 ,aut“
942 3885 1051 3964 omisit.
1076 3882 1130 3957 IV,
1158 3888 1186 3955 1,
1212 3887 1294 3946 200:

268 4110 294 4178 1)
313 4112 350 4166 Et
368 4113 450 4182 plura
468 4113 527 4168 eius
546 4114 674 4182 exempla
693 4114 848 4170 certissima
871 4132 1015 4184 possumus
1038 4114 1069 4168 in
1092 4111 1215 4168 medium
1233 4129 1296 4183 pro·

176 4183 263 4248 ferre,
287 4185 365 4239 velut
388 4185 409 4250 Ι,
431 4185 472 4250 10,
491 4185 541 4248 49;
567 4185 668 4239 AVB:
693 4186 786 4240 nitens
810 4203 906 4240 vomer
930 4187 1046 4251 viderit,
1073 4185 1172 4239 ceteri:
1197 4184 1295 4238 bidens

176 4272 327 4323 vomerque
352 4256 458 4326 vigent.
484 4256 505 4321 Ι,
527 4256 568 4320 10,
588 4257 635 4310 51;
661 4257 762 4310 AVB:
788 4258 916 4326 lutoque,
942 4258 1027 4312 ceteri
1052 4259 1141 4310 recte:
1168 4256 1294 4324 lucoque.

177 4327 212 4390 11,
232 4327 256 4390 5,
278 4327 343 4380 122:
364 4328 465 4381 AVB:
484 4330 628 4398 perpetua,
647 4328 747 4382 ceteri:
767 4331 909 4400 perpetuo.
