3286 4978
744 441 975 532 n-co-

397 615 460 674 Iam
493 616 566 692 quid
598 616 635 675 de
665 616 757 675 tertia
779 635 924 676 versuum
954 616 1205 691 transpositorum
1234 616 1429 676 commissura

306 705 500 765 iudicandum
524 706 573 778 sit,
598 705 770 784 videamus:

396 812 537 871 Richtero
562 829 665 871 versus
692 816 767 876 24¹¹m
791 813 820 871 et
845 816 921 876 33⁰³*
945 811 1060 886 placuit
1084 812 1280 889 coniungere:

347 901 457 978 „Agna
480 901 566 961 cadet
589 901 673 961 vobis
698 899 853 981 (Laribus)
877 920 967 977 quam
991 901 1103 962 circum
1126 902 1239 960 rustica
1262 905 1357 977 pubes

397 989 523 1049 Clamet:
548 989 577 1048 io
601 1007 709 1050 messes
734 993 764 1049 et
786 991 865 1050 bona
887 990 959 1048 vina
980 991 1061 1050 date.

352 1078 394 1138 At
418 1098 470 1137 vos
494 1077 603 1157 exiguo
626 1078 735 1154 pecori,
760 1079 904 1154 furesque
927 1079 1062 1155 lupique,

396 1167 530 1239 Parcite3
555 1169 591 1228 de
614 1187 723 1246 magno
747 1172 792 1230 est
815 1168 925 1244 praede
947 1169 1074 1244 petenda
1098 1172 1219 1246 grege.“

307 1282 364 1343 Sed
387 1302 446 1341 non
471 1286 515 1344 est
538 1284 665 1345 dubium
697 1284 770 1359 quin
801 1283 861 1342 ista
883 1303 1027 1343 versuum
1051 1283 1222 1345 coniunctio
1246 1301 1305 1342 non
1328 1284 1428 1343 minus

307 1392 412 1448 aspera
435 1375 526 1449 atque
548 1373 721 1449 importuna
745 1374 784 1432 sit
808 1392 899 1450 quem
923 1393 1000 1449 quae
1023 1373 1055 1432 in
1078 1373 1231 1434 codicibus
1255 1373 1327 1449 ipsis
1346 1376 1428 1433 extat

305 1462 465 1522 tralaticia.

395 1551 439 1610 De
462 1547 565 1610 Haasii
589 1552 736 1610 sententia
760 1570 864 1611 versus
889 1556 931 1614 24
955 1554 985 1610 et
1010 1557 1085 1616 35⁰⁰¹
1108 1551 1188 1610 inter
1217 1569 1247 1610 se
1271 1555 1427 1613 conecten-

304 1641 345 1700 tis
377 1643 457 1700 recte
489 1640 631 1699 disseruit
655 1641 814 1701 Richterus
847 1661 896 1718 pg.
924 1646 941 1704 5
967 1658 1029 1715 sq,
1064 1641 1117 1716 qui
1141 1640 1187 1699 vir
1212 1642 1323 1724 ‘doetus
1355 1643 1428 1703 haec

304 1730 433 1790 disticha
457 1734 586 1794 19-24
611 1731 640 1789 et
665 1735 705 1794 35
730 1749 774 1806 sq.
799 1730 938 1812 omuibus
962 1730 1108 1789 machinis
1131 1730 1232 1808 potius
1256 1731 1429 1792 dissecanda

304 1839 397 1896 quam
421 1819 576 1879 conflanda
600 1819 725 1882 censuit.

395 1908 501 1968 Restat
523 1907 620 1986 igitur
644 1928 736 1984 quum
759 1907 958 1967 Baehrensius
975 1907 1172 1984 Prieniusque
1195 1913 1427 1985 proposuerunt,

305 2015 448 2056 versuum
487 2002 526 2061 23
563 2015 606 2074 sq.
642 2017 711 2058 cum
743 2003 783 2062 37
809 2016 852 2072 sq.
889 1997 1069 2058 coniunctio.
1129 1996 1212 2066 Quae
1247 2018 1429 2076 quamquam

305 2087 432 2146 maxime
456 2086 590 2145 omnium
613 2086 734 2146 videtur
764 2087 908 2146 concinne
932 2121 972 2129 —
998 2107 1068 2145 nam
1091 2087 1280 2164 singulorum
1303 2089 1428 2147 deorum

305 2176 393 2236 cultu
428 2178 566 2235 enarrato
599 2196 660 2234 uua
695 2176 955 2251 comprehensione
989 2195 1088 2235 omnes
1125 2176 1245 2236 caelites
1283 2177 1428 2254 agricolas

305 2266 504 2341 complectens
527 2265 638 2340 optime
662 2284 752 2324 versu
778 2270 817 2328 37
843 2265 886 2323 sic
909 2284 1033 2343 pergere
1056 2266 1158 2340 potuit
1181 2268 1283 2341 poeta:

511 2370 635 2444 Adsitis,
660 2371 733 2442 divi,
758 2391 817 2430 neu
841 2389 893 2430 vos
918 2391 933 2430 e
957 2391 1088 2449 paupere
1113 2391 1213 2431 meuse

555 2460 640 2520 Dona
663 2478 717 2520 nec
743 2479 758 2518 e
781 2461 864 2536 puris
888 2461 1018 2538 spernite
1041 2461 1185 2521 fictilibus
1202 2497 1236 2505 —

306 2581 406 2637 tamen
440 2577 498 2636 nisi
534 2577 609 2636 aliae
643 2576 906 2636 transmutationis
941 2596 1046 2636 causae
1082 2578 1243 2647 accedunt,
1277 2597 1339 2636 una
1372 2579 1428 2638 hac

305 2667 484 2727 transitione
516 2668 684 2742 opportuna
707 2684 812 2726 versus
845 2683 893 2726 eos
926 2667 962 2726 de
990 2667 1102 2741 quibus
1129 2667 1251 2744 agitur,
1283 2667 1314 2724 in
1344 2667 1428 2727 libris

306 2756 425 2832 scriptis
449 2756 544 2815 alieno
567 2756 631 2815 loco
656 2757 757 2814 extare
781 2755 866 2816 nobis
889 2755 1011 2830 probari
1027 2756 1143 2830 nequit,
1168 2757 1343 2831 praesertim
1360 2776 1427 2816 oum

274 2907 275 2911 ,
304 2849 407 2906 tantas
431 2845 604 2904 offensiones
628 2865 663 2904 ex
686 2845 862 2904 traiectione
886 2845 1083 2905 distichorum
1106 2845 1270 2904 viderimus
1294 2845 1375 2910 oriri,

396 2933 461 3005 Qua
485 2935 520 2993 de
543 2953 576 2993 re
599 2954 636 2993 ne
659 2933 757 2993 Prieni
772 2933 794 3010 ¹)
827 2933 948 3009 quidem
979 2935 1143 2993 sententiae
1171 2936 1207 2992 ut
1230 2934 1428 2994 assentiamur

306 3042 466 3102 possumus
497 3023 607 3086 induci.
654 3022 711 3082 Hio
742 3022 820 3082 enim
843 3023 891 3082 vir
921 3023 1027 3082 doctus
1051 3044 1069 3082 a
1092 3022 1236 3100 Scaligeri
1263 3024 1427 3100 transposi-

305 3114 438 3173 tionibus
467 3113 619 3188 prot'ectus
650 3131 754 3171 versus
791 3116 917 3176 19-24
950 3116 1017 3171 ente
1043 3119 1082 3177 37
1107 3113 1291 3184 inserendos,
1323 3130 1427 3173 versus

306 3208 408 3263 autem
433 3208 450 3264 7
476 3221 519 3277 sq.
546 3204 576 3261 et
601 3207 641 3266 33
666 3220 709 3277 sq.
734 3205 770 3260 ut
801 3201 1012 3277 suppositioios
1043 3202 1188 3262 eiciendos
1214 3221 1275 3262 esse
1299 3203 1425 3263 censuit.

305 3292 348 3352 At
371 3294 401 3350 in
425 3297 532 3351 neutro
556 3292 662 3350 horum
688 3291 884 3350 distichorum
908 3290 1075 3366 quidquam
1099 3291 1194 3367 spurii
1224 3291 1320 3352 inesse
1344 3292 1426 3352 vide·

304 3385 374 3454 tur;
399 3399 502 3441 versus
527 3385 607 3441 certe
628 3385 668 3445 33
693 3399 736 3457 sq.
763 3399 821 3439 non
844 3385 967 3456 propter
989 3381 1045 3441 hoc
1068 3400 1164 3440 unum
1187 3381 1296 3441 reicere
1320 3399 1425 3456 possu-

304 3490 382 3542 mus,
408 3472 488 3546 quod
510 3470 589 3530 inter
613 3472 719 3529 votum
742 3474 846 3546 poetae
870 3471 950 3548 quod
974 3490 1002 3529 v.
1022 3475 1062 3534 25
1087 3470 1276 3529 contineatur
1299 3470 1427 3547 (Possim

305 3565 463 3621 contentus
486 3560 587 3619 vivere
610 3563 716 3637 parvo)
749 3562 779 3619 et
810 3579 931 3620 oausam
956 3559 1035 3631 voti,
1070 3579 1161 3635 quem
1185 3579 1213 3618 v.
1240 3564 1281 3624 35
1306 3578 1350 3635 sq.
1376 3580 1426 3620 ex·

305 3651 375 3726 poni
401 3649 443 3710 uit
459 3650 505 3708 vir
522 3650 628 3708 doetus
653 3648 724 3724 (Hic
748 3667 802 3726 ego
826 3654 1037 3725 pastoremque
1060 3669 1160 3708 meum
1183 3649 1313 3709 lustrare
1336 3652 1425 3725 quot-

306 3741 389 3799 annis
421 3741 490 3815 eto.)
521 3738 567 3796 illi
595 3738 656 3797 sint
686 3738 898 3814 inopportuni;
933 3757 1024 3814 quam
1048 3757 1118 3798 vero
1149 3741 1187 3798 ob
1218 3758 1282 3799 rem
1309 3739 1425 3798 cosdem

305 3848 409 3889 versus
433 3829 529 3888 totius
554 3827 693 3890 carminis
726 3827 890 3887 sententiae
918 3827 1079 3904 primariae
1107 3825 1255 3907 (versibus
1281 3831 1424 3902 25-28)

305 3938 472 3997 repugnare
497 3921 617 3979 censeat
639 3917 700 3987 ille,
725 3917 899 3994 intellegere
915 3936 1048 3992 nequeo;
1072 3917 1163 3976 immo
1186 3918 1299 3992 optime
1322 3937 1425 3977 curam

306 4029 370 4069 eam
394 4028 485 4085 quam
508 4009 539 4065 in
563 4026 655 4083 parvo
688 4025 742 4066 suo
773 4025 864 4083 grege
895 4011 983 4082 poeta
1014 4025 1186 4066 consumere
1209 4025 1271 4066 sese
1295 4007 1425 4067 ostendit

306 4101 347 4174 (v.
374 4097 531 4177 29-32),
559 4097 707 4156 illustrari
730 4095 790 4155 illis
814 4095 958 4157 videmus.
978 4132 1018 4141 —
1042 4096 1147 4172 Neque
1171 4097 1307 4157 versibus
1333 4102 1423 4175 7sq.,

397 4292 423 4359 1)
443 4291 616 4347 Fleckeiseni
634 4310 698 4346 ann.
717 4292 771 4346 vol.
792 4291 864 4356 XVl‚
886 4291 962 4357 1870,
981 4310 1028 4360 pg.
1048 4290 1099 4343 689
1119 4309 1178 4362 sqq.
