<?xml version="1.0" encoding="UTF-8"?>
<!DOCTYPE html PUBLIC "-//W3C//DTD XHTML 1.0 Transitional//EN"
    "http://www.w3.org/TR/xhtml1/DTD/xhtml1-transitional.dtd">
<html xmlns="http://www.w3.org/1999/xhtml" xml:lang="en" lang="en">
 <head>
  <title>
</title>
<meta http-equiv="Content-Type" content="text/html;charset=utf-8" />
  <meta name='ocr-system' content='tesseract 3.04.00' />
  <meta name='ocr-capabilities' content='ocr_page ocr_carea ocr_par ocr_line ocrx_word'/>
</head>
<body>
  <div class='ocr_page' id='page_1' title='image "./decodicibustibu00leongoog_0035.png"; bbox 0 0 3286 4978; ppageno 0'>
   <div class='ocr_carea' id='block_1_1' title="bbox 803 468 1020 526">
    <p class='ocr_par' dir='ltr' id='par_1_1' title="bbox 803 468 1020 526">
     <span class='ocr_line' id='line_1_1' title="bbox 803 468 1020 526; baseline 0.005 -20"><span class='ocrx_word' id='word_1_1' title='bbox 803 468 1020 526; x_wconf 76' lang='lat' dir='ltr'><strong>..2ss-</strong></span> 
     </span>
    </p>
   </div>
   <div class='ocr_carea' id='block_1_2' title="bbox 269 639 1473 4204">
    <p class='ocr_par' dir='ltr' id='par_1_2' title="bbox 269 639 1473 2220">
     <span class='ocr_line' id='line_1_2' title="bbox 353 639 1472 719; baseline 0.007 -22"><span class='ocrx_word' id='word_1_2' title='bbox 353 639 467 698; x_wconf 89' lang='lat' dir='ltr'><strong>mandis</strong></span> <span class='ocrx_word' id='word_1_3' title='bbox 497 640 630 698; x_wconf 87' lang='lat' dir='ltr'><strong>levitatis</strong></span> <span class='ocrx_word' id='word_1_4' title='bbox 663 641 711 699; x_wconf 91' lang='lat' dir='ltr'><strong>vol</strong></span> <span class='ocrx_word' id='word_1_5' title='bbox 738 641 925 719; x_wconf 83' lang='lat' dir='ltr'><strong>ignorantiae</strong></span> <span class='ocrx_word' id='word_1_6' title='bbox 948 642 1157 716; x_wconf 80' lang='lat' dir='ltr'><strong>librariorum,</strong></span> <span class='ocrx_word' id='word_1_7' title='bbox 1190 645 1351 704; x_wconf 86' lang='lat' dir='ltr'><strong>verborum</strong></span> <span class='ocrx_word' id='word_1_8' title='bbox 1374 649 1472 705; x_wconf 89' lang='lat' dir='ltr'><strong>trans-</strong></span> 
     </span>
     <span class='ocr_line' id='line_1_3' title="bbox 351 728 1472 815; baseline 0.004 -27"><span class='ocrx_word' id='word_1_9' title='bbox 351 729 560 804; x_wconf 79' lang='lat' dir='ltr'><strong>positionibus,</strong></span> <span class='ocrx_word' id='word_1_10' title='bbox 585 728 753 790; x_wconf 74' lang='lat' dir='ltr'><strong>diversitati</strong></span> <span class='ocrx_word' id='word_1_11' title='bbox 783 731 1030 809; x_wconf 73' lang='lat' dir='ltr'><strong>orthographiae,</strong></span> <span class='ocrx_word' id='word_1_12' title='bbox 1059 733 1210 793; x_wconf 88' lang='lat' dir='ltr'><strong>vooabulis</strong></span> <span class='ocrx_word' id='word_1_13' title='bbox 1234 734 1363 815; x_wconf 80' lang='lat' dir='ltr'><strong>denique</strong></span> <span class='ocrx_word' id='word_1_14' title='bbox 1387 755 1472 811; x_wconf 88' lang='lat' dir='ltr'><strong>prae-</strong></span> 
     </span>
     <span class='ocr_line' id='line_1_4' title="bbox 352 817 1472 902; baseline 0.006 -26"><span class='ocrx_word' id='word_1_15' title='bbox 352 818 495 876; x_wconf 88' lang='lat' dir='ltr'><strong>termissis</strong></span> <span class='ocrx_word' id='word_1_16' title='bbox 511 817 557 876; x_wconf 90' lang='lat' dir='ltr'><strong>vel</strong></span> <span class='ocrx_word' id='word_1_17' title='bbox 575 837 643 876; x_wconf 89' lang='lat' dir='ltr'><strong>cum</strong></span> <span class='ocrx_word' id='word_1_18' title='bbox 659 819 809 880; x_wconf 86' lang='lat' dir='ltr'><strong>similibus</strong></span> <span class='ocrx_word' id='word_1_19' title='bbox 833 821 1035 881; x_wconf 88' lang='lat' dir='ltr'><strong>commutatis.</strong></span> <span class='ocrx_word' id='word_1_20' title='bbox 1070 821 1206 898; x_wconf 79' lang='lat' dir='ltr'><strong>Exempli</strong></span> <span class='ocrx_word' id='word_1_21' title='bbox 1229 824 1328 902; x_wconf 87' lang='lat' dir='ltr'><strong>gratia</strong></span> <span class='ocrx_word' id='word_1_22' title='bbox 1352 824 1472 883; x_wconf 87' lang='lat' dir='ltr'><strong>afferam</strong></span> 
     </span>
     <span class='ocr_line' id='line_1_5' title="bbox 352 906 1471 989; baseline 0.007 -25"><span class='ocrx_word' id='word_1_23' title='bbox 352 906 420 966; x_wconf 89' lang='lat' dir='ltr'><strong>has:</strong></span> <span class='ocrx_word' id='word_1_24' title='bbox 440 906 467 982; x_wconf 95' lang='grc' dir='ltr'><strong>Ι,</strong></span> <span class='ocrx_word' id='word_1_25' title='bbox 485 911 518 971; x_wconf 90' lang='lat'><strong>3:</strong></span> <span class='ocrx_word' id='word_1_26' title='bbox 535 907 576 966; x_wconf 88' lang='lat' dir='ltr'><strong>A:</strong></span> <span class='ocrx_word' id='word_1_27' title='bbox 591 908 639 985; x_wconf 83' lang='lat' dir='ltr'><strong>egi</strong></span> <span class='ocrx_word' id='word_1_28' title='bbox 654 910 856 986; x_wconf 88' lang='lat' dir='ltr'><strong>utet-elysios,</strong></span> <span class='ocrx_word' id='word_1_29' title='bbox 873 910 916 969; x_wconf 89' lang='lat' dir='ltr'><strong>V:</strong></span> <span class='ocrx_word' id='word_1_30' title='bbox 942 912 1168 989; x_wconf 73' lang='lat' dir='ltr'><strong>egrotatelyos.</strong></span> <span class='ocrx_word' id='word_1_31' title='bbox 1189 911 1230 984; x_wconf 95' lang='grc' dir='ltr'><strong>ΙΙ,</strong></span> <span class='ocrx_word' id='word_1_32' title='bbox 1247 917 1280 978; x_wconf 82' lang='lat'><strong>4:</strong></span> <span class='ocrx_word' id='word_1_33' title='bbox 1302 913 1343 972; x_wconf 79' lang='lat' dir='ltr'><strong>A:</strong></span> <span class='ocrx_word' id='word_1_34' title='bbox 1363 914 1471 989; x_wconf 88' lang='lat' dir='ltr'><strong>pretia,</strong></span> 
     </span>
     <span class='ocr_line' id='line_1_6' title="bbox 352 995 1472 1080; baseline 0.007 -27"><span class='ocrx_word' id='word_1_35' title='bbox 352 995 394 1054; x_wconf 90' lang='lat' dir='ltr'><strong>V:</strong></span> <span class='ocrx_word' id='word_1_36' title='bbox 410 1015 544 1055; x_wconf 92' lang='lat' dir='ltr'><strong>munera.</strong></span> <span class='ocrx_word' id='word_1_37' title='bbox 561 995 603 1068; x_wconf 91' lang='lat' dir='ltr'><strong>II,</strong></span> <span class='ocrx_word' id='word_1_38' title='bbox 621 1001 658 1062; x_wconf 82' lang='lat'><strong>6:</strong></span> <span class='ocrx_word' id='word_1_39' title='bbox 676 998 718 1058; x_wconf 91' lang='lat' dir='ltr'><strong>A:</strong></span> <span class='ocrx_word' id='word_1_40' title='bbox 738 1002 812 1072; x_wconf 91' lang='lat' dir='ltr'><strong>erat,</strong></span> <span class='ocrx_word' id='word_1_41' title='bbox 836 1000 882 1061; x_wconf 92' lang='lat' dir='ltr'><strong>V:</strong></span> <span class='ocrx_word' id='word_1_42' title='bbox 900 1004 999 1071; x_wconf 82' lang='lat' dir='ltr'><strong>oreat3</strong></span> <span class='ocrx_word' id='word_1_43' title='bbox 1024 1001 1055 1058; x_wconf 94' lang='lat' dir='ltr'><strong>in</strong></span> <span class='ocrx_word' id='word_1_44' title='bbox 1072 1001 1143 1060; x_wconf 89' lang='lat' dir='ltr'><strong>libri</strong></span> <span class='ocrx_word' id='word_1_45' title='bbox 1159 1001 1190 1061; x_wconf 95' lang='lat' dir='ltr'><strong>II</strong></span> <span class='ocrx_word' id='word_1_46' title='bbox 1206 1003 1343 1064; x_wconf 88' lang='lat' dir='ltr'><strong>lemmate</strong></span> <span class='ocrx_word' id='word_1_47' title='bbox 1360 1003 1472 1080; x_wconf 82' lang='lat' dir='ltr'><strong>elegiae</strong></span> 
     </span>
     <span class='ocr_line' id='line_1_7' title="bbox 352 1084 1472 1167; baseline 0.007 -25"><span class='ocrx_word' id='word_1_48' title='bbox 352 1084 476 1144; x_wconf 87' lang='lat' dir='ltr'><strong>alterius</strong></span> <span class='ocrx_word' id='word_1_49' title='bbox 491 1084 519 1141; x_wconf 92' lang='lat' dir='ltr'>V</span> <span class='ocrx_word' id='word_1_50' title='bbox 535 1086 643 1146; x_wconf 89' lang='lat' dir='ltr'><strong>codicis</strong></span> <span class='ocrx_word' id='word_1_51' title='bbox 665 1088 807 1148; x_wconf 86' lang='lat' dir='ltr'><strong>librarius</strong></span> <span class='ocrx_word' id='word_1_52' title='bbox 831 1089 986 1164; x_wconf 75' lang='lat' dir='ltr'><strong>archetypi</strong></span> <span class='ocrx_word' id='word_1_53' title='bbox 1009 1085 1167 1150; x_wconf 84' lang='lat' dir='ltr'><strong>lectionem</strong></span> <span class='ocrx_word' id='word_1_54' title='bbox 1190 1111 1268 1167; x_wconf 82' lang='lat' dir='ltr'><strong>quae</strong></span> <span class='ocrx_word' id='word_1_55' title='bbox 1291 1095 1355 1153; x_wconf 88' lang='lat' dir='ltr'><strong>erat</strong></span> <span class='ocrx_word' id='word_1_56' title='bbox 1382 1090 1472 1166; x_wconf 78' lang='lat' dir='ltr'><strong>,Gor-</strong></span> 
     </span>
     <span class='ocr_line' id='line_1_8' title="bbox 351 1173 1469 1258; baseline 0.01 -27"><span class='ocrx_word' id='word_1_57' title='bbox 351 1175 480 1233; x_wconf 86' lang='lat' dir='ltr'><strong>nutum“</strong></span> <span class='ocrx_word' id='word_1_58' title='bbox 507 1173 582 1234; x_wconf 88' lang='lat' dir='ltr'><strong>falso</strong></span> <span class='ocrx_word' id='word_1_59' title='bbox 597 1176 629 1234; x_wconf 92' lang='lat' dir='ltr'><strong>in</strong></span> <span class='ocrx_word' id='word_1_60' title='bbox 647 1177 878 1253; x_wconf 82' lang='lat' dir='ltr'><strong>„chorinthum“</strong></span> <span class='ocrx_word' id='word_1_61' title='bbox 905 1178 1103 1236; x_wconf 86' lang='lat' dir='ltr'><strong>commutavit</strong></span> <span class='ocrx_word' id='word_1_62' title='bbox 1125 1198 1208 1238; x_wconf 90' lang='lat' dir='ltr'><strong>mera</strong></span> <span class='ocrx_word' id='word_1_63' title='bbox 1229 1182 1469 1258; x_wconf 80' lang='lat' dir='ltr'><strong>interpolatione,</strong></span> 
     </span>
     <span class='ocr_line' id='line_1_9' title="bbox 352 1263 1472 1344; baseline 0.006 -22"><span class='ocrx_word' id='word_1_64' title='bbox 352 1283 412 1340; x_wconf 90' lang='lat' dir='ltr'><strong>qua</strong></span> <span class='ocrx_word' id='word_1_65' title='bbox 436 1263 526 1323; x_wconf 89' lang='lat' dir='ltr'><strong>etiam</strong></span> <span class='ocrx_word' id='word_1_66' title='bbox 551 1265 663 1344; x_wconf 80' lang='lat' dir='ltr'><strong>elegiae</strong></span> <span class='ocrx_word' id='word_1_67' title='bbox 686 1285 780 1327; x_wconf 87' lang='lat' dir='ltr'><strong>nonae</strong></span> <span class='ocrx_word' id='word_1_68' title='bbox 802 1267 872 1326; x_wconf 90' lang='lat' dir='ltr'><strong>libri</strong></span> <span class='ocrx_word' id='word_1_69' title='bbox 885 1265 928 1324; x_wconf 92' lang='lat' dir='ltr'><strong>IV</strong></span> <span class='ocrx_word' id='word_1_70' title='bbox 952 1269 1183 1342; x_wconf 82' lang='lat' dir='ltr'><strong>argumentum:</strong></span> <span class='ocrx_word' id='word_1_71' title='bbox 1212 1270 1279 1342; x_wconf 87' lang='lat' dir='ltr'><strong>,Ad</strong></span> <span class='ocrx_word' id='word_1_72' title='bbox 1303 1271 1472 1332; x_wconf 73' lang='lat' dir='ltr'><strong>Thoratum</strong></span> 
     </span>
     <span class='ocr_line' id='line_1_10' title="bbox 351 1353 1472 1430; baseline 0.006 -18"><span class='ocrx_word' id='word_1_73' title='bbox 351 1353 387 1412; x_wconf 91' lang='lat' dir='ltr'><strong>de</strong></span> <span class='ocrx_word' id='word_1_74' title='bbox 410 1353 504 1413; x_wconf 88' lang='lat' dir='ltr'><strong>natali</strong></span> <span class='ocrx_word' id='word_1_75' title='bbox 527 1353 594 1413; x_wconf 86' lang='lat' dir='ltr'><strong>die“</strong></span> <span class='ocrx_word' id='word_1_76' title='bbox 621 1354 648 1412; x_wconf 93' lang='lat' dir='ltr'><strong>A</strong></span> <span class='ocrx_word' id='word_1_77' title='bbox 673 1360 703 1414; x_wconf 90' lang='lat' dir='ltr'><strong>et</strong></span> <span class='ocrx_word' id='word_1_78' title='bbox 729 1355 797 1430; x_wconf 86' lang='lat' dir='ltr'><strong>„Ad</strong></span> <span class='ocrx_word' id='word_1_79' title='bbox 819 1356 1012 1414; x_wconf 85' lang='lat' dir='ltr'><strong>theoratum“</strong></span> <span class='ocrx_word' id='word_1_80' title='bbox 1040 1353 1067 1410; x_wconf 93' lang='lat' dir='ltr'>V</span> <span class='ocrx_word' id='word_1_81' title='bbox 1092 1358 1229 1414; x_wconf 86' lang='lat' dir='ltr'><strong>exortum</strong></span> <span class='ocrx_word' id='word_1_82' title='bbox 1260 1377 1322 1417; x_wconf 89' lang='lat' dir='ltr'><strong>essa</strong></span> <span class='ocrx_word' id='word_1_83' title='bbox 1346 1361 1410 1419; x_wconf 90' lang='lat' dir='ltr'><strong>veri</strong></span> <span class='ocrx_word' id='word_1_84' title='bbox 1433 1361 1472 1419; x_wconf 92' lang='lat' dir='ltr'><strong>si·</strong></span> 
     </span>
     <span class='ocr_line' id='line_1_11' title="bbox 350 1442 1471 1515; baseline 0.005 -15"><span class='ocrx_word' id='word_1_85' title='bbox 350 1442 510 1502; x_wconf 90' lang='lat' dir='ltr'><strong>millimum</strong></span> <span class='ocrx_word' id='word_1_86' title='bbox 534 1444 597 1515; x_wconf 89' lang='lat' dir='ltr'><strong>est,</strong></span> <span class='ocrx_word' id='word_1_87' title='bbox 630 1462 698 1504; x_wconf 87' lang='lat' dir='ltr'><strong>oum</strong></span> <span class='ocrx_word' id='word_1_88' title='bbox 722 1463 830 1503; x_wconf 90' lang='lat' dir='ltr'><strong>nomen</strong></span> <span class='ocrx_word' id='word_1_89' title='bbox 852 1444 930 1503; x_wconf 91' lang='lat' dir='ltr'><strong>illud</strong></span> <span class='ocrx_word' id='word_1_90' title='bbox 953 1463 988 1503; x_wconf 86' lang='lat' dir='ltr'><strong>ex</strong></span> <span class='ocrx_word' id='word_1_91' title='bbox 1012 1442 1175 1502; x_wconf 71' lang='lat' dir='ltr'><strong>chorintho</strong></span> <span class='ocrx_word' id='word_1_92' title='bbox 1205 1444 1235 1502; x_wconf 92' lang='lat' dir='ltr'><strong>id</strong></span> <span class='ocrx_word' id='word_1_93' title='bbox 1260 1448 1305 1504; x_wconf 89' lang='lat' dir='ltr'><strong>est</strong></span> <span class='ocrx_word' id='word_1_94' title='bbox 1329 1445 1471 1508; x_wconf 75' lang='lat' dir='ltr'><strong>Cerintho</strong></span> 
     </span>
     <span class='ocr_line' id='line_1_12' title="bbox 351 1531 1471 1610; baseline 0.003 -20"><span class='ocrx_word' id='word_1_95' title='bbox 351 1531 578 1608; x_wconf 87' lang='lat' dir='ltr'><strong>depravaretur.</strong></span> <span class='ocrx_word' id='word_1_96' title='bbox 624 1532 784 1593; x_wconf 87' lang='lat' dir='ltr'><strong>Praeterea</strong></span> <span class='ocrx_word' id='word_1_97' title='bbox 814 1533 845 1592; x_wconf 92' lang='lat' dir='ltr'><strong>in</strong></span> <span class='ocrx_word' id='word_1_98' title='bbox 874 1536 1005 1608; x_wconf 90' lang='lat' dir='ltr'><strong>utroque</strong></span> <span class='ocrx_word' id='word_1_99' title='bbox 1028 1532 1105 1592; x_wconf 93' lang='lat' dir='ltr'><strong>libro</strong></span> <span class='ocrx_word' id='word_1_100' title='bbox 1128 1533 1157 1592; x_wconf 89' lang='lat' dir='ltr'><strong>A</strong></span> <span class='ocrx_word' id='word_1_101' title='bbox 1180 1534 1210 1592; x_wconf 89' lang='lat' dir='ltr'><strong>et</strong></span> <span class='ocrx_word' id='word_1_102' title='bbox 1233 1532 1261 1589; x_wconf 94' lang='lat' dir='ltr'>V</span> <span class='ocrx_word' id='word_1_103' title='bbox 1285 1532 1386 1610; x_wconf 83' lang='lat' dir='ltr'><strong>elegiis</strong></span> <span class='ocrx_word' id='word_1_104' title='bbox 1410 1535 1471 1593; x_wconf 92' lang='lat' dir='ltr'><strong>sin-</strong></span> 
     </span>
     <span class='ocr_line' id='line_1_13' title="bbox 351 1620 1471 1699; baseline 0.001 -19"><span class='ocrx_word' id='word_1_105' title='bbox 351 1621 431 1699; x_wconf 84' lang='lat' dir='ltr'><strong>gulis</strong></span> <span class='ocrx_word' id='word_1_106' title='bbox 454 1620 571 1680; x_wconf 88' lang='lat' dir='ltr'><strong>numeri</strong></span> <span class='ocrx_word' id='word_1_107' title='bbox 594 1640 651 1680; x_wconf 93' lang='lat' dir='ltr'><strong>non</strong></span> <span class='ocrx_word' id='word_1_108' title='bbox 676 1625 748 1682; x_wconf 87' lang='lat' dir='ltr'><strong>sunt</strong></span> <span class='ocrx_word' id='word_1_109' title='bbox 771 1623 943 1699; x_wconf 87' lang='lat' dir='ltr'><strong>praepositi,</strong></span> <span class='ocrx_word' id='word_1_110' title='bbox 968 1623 1135 1681; x_wconf 87' lang='lat' dir='ltr'><strong>carminum</strong></span> <span class='ocrx_word' id='word_1_111' title='bbox 1158 1622 1278 1682; x_wconf 90' lang='lat' dir='ltr'><strong>libellus</strong></span> <span class='ocrx_word' id='word_1_112' title='bbox 1302 1625 1429 1698; x_wconf 87' lang='lat' dir='ltr'><strong>quartus</strong></span> <span class='ocrx_word' id='word_1_113' title='bbox 1454 1643 1471 1681; x_wconf 86' lang='lat' dir='ltr'><strong>a</strong></span> 
     </span>
     <span class='ocr_line' id='line_1_14' title="bbox 350 1710 1470 1788; baseline 0.002 -18"><span class='ocrx_word' id='word_1_114' title='bbox 350 1711 442 1770; x_wconf 86' lang='lat' dir='ltr'><strong>tertio</strong></span> <span class='ocrx_word' id='word_1_115' title='bbox 464 1710 548 1769; x_wconf 89' lang='lat' dir='ltr'><strong>nulla</strong></span> <span class='ocrx_word' id='word_1_116' title='bbox 572 1712 644 1770; x_wconf 90' lang='lat' dir='ltr'><strong>nota</strong></span> <span class='ocrx_word' id='word_1_117' title='bbox 667 1711 832 1784; x_wconf 91' lang='lat' dir='ltr'><strong>dividitur,</strong></span> <span class='ocrx_word' id='word_1_118' title='bbox 858 1715 926 1788; x_wconf 90' lang='lat' dir='ltr'><strong>post</strong></span> <span class='ocrx_word' id='word_1_119' title='bbox 949 1731 1070 1771; x_wconf 88' lang='lat' dir='ltr'><strong>versum</strong></span> <span class='ocrx_word' id='word_1_120' title='bbox 1093 1711 1151 1786; x_wconf 85' lang='lat'><strong>111,</strong></span> <span class='ocrx_word' id='word_1_121' title='bbox 1178 1716 1207 1787; x_wconf 85' lang='lat'><strong>6,</strong></span> <span class='ocrx_word' id='word_1_122' title='bbox 1234 1717 1275 1776; x_wconf 86' lang='grc'><strong>64</strong></span> <span class='ocrx_word' id='word_1_123' title='bbox 1299 1712 1402 1786; x_wconf 89' lang='lat' dir='ltr'><strong>statim</strong></span> <span class='ocrx_word' id='word_1_124' title='bbox 1425 1731 1470 1772; x_wconf 91' lang='lat' dir='ltr'><strong>se·</strong></span> 
     </span>
     <span class='ocr_line' id='line_1_15' title="bbox 352 1799 1472 1878; baseline 0.002 -19"><span class='ocrx_word' id='word_1_125' title='bbox 352 1800 457 1876; x_wconf 89' lang='lat' dir='ltr'><strong>quitur</strong></span> <span class='ocrx_word' id='word_1_126' title='bbox 488 1819 605 1860; x_wconf 89' lang='lat' dir='ltr'><strong>carmen</strong></span> <span class='ocrx_word' id='word_1_127' title='bbox 629 1799 683 1873; x_wconf 88' lang='lat' dir='ltr'><strong>IV,</strong></span> <span class='ocrx_word' id='word_1_128' title='bbox 712 1806 765 1874; x_wconf 82' lang='lat'><strong>12,</strong></span> <span class='ocrx_word' id='word_1_129' title='bbox 798 1802 878 1878; x_wconf 90' lang='lat' dir='ltr'><strong>quod</strong></span> <span class='ocrx_word' id='word_1_130' title='bbox 909 1801 1082 1878; x_wconf 90' lang='lat' dir='ltr'><strong>epistolium</strong></span> <span class='ocrx_word' id='word_1_131' title='bbox 1105 1800 1255 1878; x_wconf 81' lang='lat' dir='ltr'><strong>Sulpiciae</strong></span> <span class='ocrx_word' id='word_1_132' title='bbox 1284 1802 1394 1862; x_wconf 87' lang='lat' dir='ltr'><strong>iterum</strong></span> <span class='ocrx_word' id='word_1_133' title='bbox 1418 1821 1472 1862; x_wconf 92' lang='lat' dir='ltr'><strong>suo</strong></span> 
     </span>
     <span class='ocr_line' id='line_1_16' title="bbox 350 1890 1473 1968; baseline 0.001 -21"><span class='ocrx_word' id='word_1_134' title='bbox 350 1890 415 1949; x_wconf 89' lang='lat' dir='ltr'><strong>looo</strong></span> <span class='ocrx_word' id='word_1_135' title='bbox 448 1892 604 1949; x_wconf 86' lang='lat' dir='ltr'><strong>exaratum</strong></span> <span class='ocrx_word' id='word_1_136' title='bbox 637 1892 729 1951; x_wconf 82' lang='lat' dir='ltr'><strong>extat.</strong></span> <span class='ocrx_word' id='word_1_137' title='bbox 784 1890 922 1968; x_wconf 90' lang='lat' dir='ltr'><strong>Denique</strong></span> <span class='ocrx_word' id='word_1_138' title='bbox 954 1894 1083 1968; x_wconf 90' lang='lat' dir='ltr'><strong>uterque</strong></span> <span class='ocrx_word' id='word_1_139' title='bbox 1116 1894 1184 1968; x_wconf 90' lang='lat' dir='ltr'><strong>post</strong></span> <span class='ocrx_word' id='word_1_140' title='bbox 1211 1911 1328 1951; x_wconf 87' lang='lat' dir='ltr'><strong>carmen</strong></span> <span class='ocrx_word' id='word_1_141' title='bbox 1351 1890 1405 1966; x_wconf 88' lang='lat' dir='ltr'><strong>IV,</strong></span> <span class='ocrx_word' id='word_1_142' title='bbox 1433 1897 1473 1956; x_wconf 88' lang='grc'><strong>14</strong></span> 
     </span>
     <span class='ocr_line' id='line_1_17' title="bbox 269 1978 1471 2058; baseline 0.001 -19"><span class='ocrx_word' id='word_1_143' title='bbox 269 1989 274 2000; x_wconf 92' lang='grc'><em>’</em></span> <span class='ocrx_word' id='word_1_144' title='bbox 355 1978 561 2054; x_wconf 84' lang='lat' dir='ltr'><strong>„epitaphium</strong></span> <span class='ocrx_word' id='word_1_145' title='bbox 583 1979 714 2040; x_wconf 63' lang='lat' dir='ltr'><strong>&#39;Vibulli‘</strong></span> <span class='ocrx_word' id='word_1_146' title='bbox 741 1980 816 2040; x_wconf 91' lang='lat' dir='ltr'><strong>illud</strong></span> <span class='ocrx_word' id='word_1_147' title='bbox 840 1981 921 2058; x_wconf 91' lang='lat' dir='ltr'><strong>quod</strong></span> <span class='ocrx_word' id='word_1_148' title='bbox 944 1980 1183 2058; x_wconf 76' lang='lat' dir='ltr'><strong>fragmentumll</strong></span> <span class='ocrx_word' id='word_1_149' title='bbox 1207 1980 1339 2040; x_wconf 91' lang='lat' dir='ltr'><strong>Domitio</strong></span> <span class='ocrx_word' id='word_1_150' title='bbox 1362 1981 1471 2053; x_wconf 89' lang='lat' dir='ltr'><strong>Marso,</strong></span> 
     </span>
     <span class='ocr_line' id='line_1_18' title="bbox 352 2067 1471 2140; baseline 0.003 -14"><span class='ocrx_word' id='word_1_151' title='bbox 352 2067 402 2126; x_wconf 88' lang='lat' dir='ltr'><strong>alii</strong></span> <span class='ocrx_word' id='word_1_152' title='bbox 426 2068 539 2128; x_wconf 87' lang='lat' dir='ltr'><strong>codices</strong></span> <span class='ocrx_word' id='word_1_153' title='bbox 562 2069 648 2128; x_wconf 86' lang='lat' dir='ltr'><strong>velut</strong></span> <span class='ocrx_word' id='word_1_154' title='bbox 671 2068 865 2131; x_wconf 82' lang='lat' dir='ltr'><strong>Eboracensis</strong></span> <span class='ocrx_word' id='word_1_155' title='bbox 894 2074 924 2129; x_wconf 87' lang='lat' dir='ltr'><strong>et</strong></span> <span class='ocrx_word' id='word_1_156' title='bbox 947 2070 1132 2130; x_wconf 81' lang='lat' dir='ltr'><strong>Monacensis</strong></span> <span class='ocrx_word' id='word_1_157' title='bbox 1156 2067 1263 2129; x_wconf 91' lang='lat' dir='ltr'><strong>Ovidio</strong></span> <span class='ocrx_word' id='word_1_158' title='bbox 1287 2069 1471 2140; x_wconf 87' lang='lat' dir='ltr'><strong>adscribunt,</strong></span> 
     </span>
     <span class='ocr_line' id='line_1_19' title="bbox 351 2158 884 2220; baseline 0.006 -4"><span class='ocrx_word' id='word_1_159' title='bbox 351 2177 413 2216; x_wconf 89' lang='lat' dir='ltr'><strong>una</strong></span> <span class='ocrx_word' id='word_1_160' title='bbox 436 2176 505 2217; x_wconf 90' lang='lat' dir='ltr'><strong>cum</strong></span> <span class='ocrx_word' id='word_1_161' title='bbox 528 2158 642 2218; x_wconf 82' lang='lat' dir='ltr'><strong>Tibulli</strong></span> <span class='ocrx_word' id='word_1_162' title='bbox 666 2158 730 2218; x_wconf 86' lang='lat' dir='ltr'><strong>vita</strong></span> <span class='ocrx_word' id='word_1_163' title='bbox 754 2160 884 2220; x_wconf 85' lang='lat' dir='ltr'><strong>exhibet.</strong></span> 
     </span>
    </p>

    <p class='ocr_par' dir='ltr' id='par_1_3' title="bbox 350 2246 1473 4204">
     <span class='ocr_line' id='line_1_20' title="bbox 439 2246 1472 2326; baseline 0.002 -22"><span class='ocrx_word' id='word_1_164' title='bbox 439 2246 504 2305; x_wconf 88' lang='lat' dir='ltr'><strong>Iam</strong></span> <span class='ocrx_word' id='word_1_165' title='bbox 528 2265 564 2306; x_wconf 85' lang='lat' dir='ltr'><strong>ex</strong></span> <span class='ocrx_word' id='word_1_166' title='bbox 586 2246 642 2308; x_wconf 90' lang='lat' dir='ltr'><strong>hac</strong></span> <span class='ocrx_word' id='word_1_167' title='bbox 664 2249 825 2326; x_wconf 88' lang='lat' dir='ltr'><strong>utriusque</strong></span> <span class='ocrx_word' id='word_1_168' title='bbox 848 2249 1044 2310; x_wconf 88' lang='lat' dir='ltr'><strong>similitudine</strong></span> <span class='ocrx_word' id='word_1_169' title='bbox 1068 2251 1159 2324; x_wconf 90' lang='lat' dir='ltr'><strong>atque</strong></span> <span class='ocrx_word' id='word_1_170' title='bbox 1190 2248 1263 2308; x_wconf 85' lang='lat' dir='ltr'><strong>adeo</strong></span> <span class='ocrx_word' id='word_1_171' title='bbox 1287 2246 1472 2323; x_wconf 86' lang='lat' dir='ltr'><strong>aequalitate</strong></span> 
     </span>
     <span class='ocr_line' id='line_1_21' title="bbox 350 2336 1471 2410; baseline -0.001 -15"><span class='ocrx_word' id='word_1_172' title='bbox 350 2340 431 2398; x_wconf 84' lang='lat' dir='ltr'><strong>recte</strong></span> <span class='ocrx_word' id='word_1_173' title='bbox 464 2336 639 2410; x_wconf 89' lang='lat' dir='ltr'><strong>concludas,</strong></span> <span class='ocrx_word' id='word_1_174' title='bbox 674 2338 787 2398; x_wconf 87' lang='lat' dir='ltr'><strong>codices</strong></span> <span class='ocrx_word' id='word_1_175' title='bbox 820 2338 873 2400; x_wconf 91' lang='lat' dir='ltr'><strong>hos</strong></span> <span class='ocrx_word' id='word_1_176' title='bbox 906 2359 941 2398; x_wconf 86' lang='lat' dir='ltr'><strong>ex</strong></span> <span class='ocrx_word' id='word_1_177' title='bbox 973 2339 1075 2398; x_wconf 89' lang='lat' dir='ltr'><strong>eodem</strong></span> <span class='ocrx_word' id='word_1_178' title='bbox 1106 2337 1188 2397; x_wconf 85' lang='lat' dir='ltr'><strong>fonte</strong></span> <span class='ocrx_word' id='word_1_179' title='bbox 1220 2356 1281 2396; x_wconf 88' lang='lat' dir='ltr'><strong>esse</strong></span> <span class='ocrx_word' id='word_1_180' title='bbox 1310 2336 1471 2406; x_wconf 86' lang='lat' dir='ltr'><strong>derivatos,</strong></span> 
     </span>
     <span class='ocr_line' id='line_1_22' title="bbox 351 2419 1472 2506; baseline -0.003 -20"><span class='ocrx_word' id='word_1_181' title='bbox 351 2425 570 2486; x_wconf 87' lang='lat' dir='ltr'><strong>vetustissimas</strong></span> <span class='ocrx_word' id='word_1_182' title='bbox 598 2426 689 2492; x_wconf 89' lang='lat' dir='ltr'><strong>unius</strong></span> <span class='ocrx_word' id='word_1_183' title='bbox 719 2427 849 2487; x_wconf 85' lang='lat' dir='ltr'><strong>farniliae</strong></span> <span class='ocrx_word' id='word_1_184' title='bbox 880 2428 1068 2506; x_wconf 80' lang='lat' dir='ltr'><strong>propagines.</strong></span> <span class='ocrx_word' id='word_1_185' title='bbox 1126 2426 1243 2486; x_wconf 82' lang='lat' dir='ltr'><strong>Gentius</strong></span> <span class='ocrx_word' id='word_1_186' title='bbox 1277 2444 1347 2485; x_wconf 81' lang='lat' dir='ltr'><strong>vero</strong></span> <span class='ocrx_word' id='word_1_187' title='bbox 1380 2419 1472 2502; x_wconf 85' lang='lat' dir='ltr'><strong>argu·</strong></span> 
     </span>
     <span class='ocr_line' id='line_1_23' title="bbox 350 2515 1473 2596; baseline -0.001 -21"><span class='ocrx_word' id='word_1_188' title='bbox 350 2517 487 2575; x_wconf 90' lang='lat' dir='ltr'><strong>mentum</strong></span> <span class='ocrx_word' id='word_1_189' title='bbox 506 2515 691 2593; x_wconf 84' lang='lat' dir='ltr'><strong>cognationis</strong></span> <span class='ocrx_word' id='word_1_190' title='bbox 710 2516 740 2575; x_wconf 96' lang='lat' dir='ltr'><strong>in</strong></span> <span class='ocrx_word' id='word_1_191' title='bbox 762 2517 865 2596; x_wconf 86' lang='lat' dir='ltr'><strong>elegiis</strong></span> <span class='ocrx_word' id='word_1_192' title='bbox 880 2517 952 2594; x_wconf 88' lang='lat' dir='ltr'><strong>ipsis</strong></span> <span class='ocrx_word' id='word_1_193' title='bbox 972 2519 1063 2587; x_wconf 82' lang='lat' dir='ltr'><strong>extat,</strong></span> <span class='ocrx_word' id='word_1_194' title='bbox 1081 2516 1161 2592; x_wconf 90' lang='lat' dir='ltr'><strong>quod</strong></span> <span class='ocrx_word' id='word_1_195' title='bbox 1180 2517 1309 2592; x_wconf 86' lang='lat' dir='ltr'><strong>uterque</strong></span> <span class='ocrx_word' id='word_1_196' title='bbox 1326 2515 1473 2592; x_wconf 87' lang='lat' dir='ltr'><strong>plurimas</strong></span> 
     </span>
     <span class='ocr_line' id='line_1_24' title="bbox 350 2604 1473 2683; baseline 0 -20"><span class='ocrx_word' id='word_1_197' title='bbox 350 2607 474 2682; x_wconf 88' lang='lat' dir='ltr'><strong>praehet</strong></span> <span class='ocrx_word' id='word_1_198' title='bbox 503 2604 660 2678; x_wconf 85' lang='lat' dir='ltr'><strong>lectiones,</strong></span> <span class='ocrx_word' id='word_1_199' title='bbox 692 2625 770 2683; x_wconf 87' lang='lat' dir='ltr'><strong>quae</strong></span> <span class='ocrx_word' id='word_1_200' title='bbox 798 2607 856 2666; x_wconf 87' lang='lat' dir='ltr'><strong>nisi</strong></span> <span class='ocrx_word' id='word_1_201' title='bbox 888 2627 923 2666; x_wconf 86' lang='lat' dir='ltr'><strong>ex</strong></span> <span class='ocrx_word' id='word_1_202' title='bbox 954 2625 1014 2666; x_wconf 92' lang='lat' dir='ltr'><strong>uno</strong></span> <span class='ocrx_word' id='word_1_203' title='bbox 1044 2606 1206 2683; x_wconf 89' lang='lat' dir='ltr'><strong>eodemque</strong></span> <span class='ocrx_word' id='word_1_204' title='bbox 1230 2605 1329 2666; x_wconf 89' lang='lat' dir='ltr'><strong>codice</strong></span> <span class='ocrx_word' id='word_1_205' title='bbox 1352 2604 1473 2664; x_wconf 84' lang='lat' dir='ltr'><strong>fluxisse</strong></span> 
     </span>
     <span class='ocr_line' id='line_1_25' title="bbox 350 2693 1473 2773; baseline -0.003 -20"><span class='ocrx_word' id='word_1_206' title='bbox 350 2713 410 2755; x_wconf 91' lang='lat' dir='ltr'><strong>non</strong></span> <span class='ocrx_word' id='word_1_207' title='bbox 442 2696 576 2770; x_wconf 90' lang='lat' dir='ltr'><strong>possunt.</strong></span> <span class='ocrx_word' id='word_1_208' title='bbox 624 2693 708 2755; x_wconf 89' lang='lat' dir='ltr'><strong>Inter</strong></span> <span class='ocrx_word' id='word_1_209' title='bbox 737 2715 813 2773; x_wconf 86' lang='lat' dir='ltr'><strong>quas</strong></span> <span class='ocrx_word' id='word_1_210' title='bbox 841 2698 879 2757; x_wconf 86' lang='lat' dir='ltr'><strong>ad</strong></span> <span class='ocrx_word' id='word_1_211' title='bbox 909 2697 984 2756; x_wconf 90' lang='lat' dir='ltr'><strong>hanc</strong></span> <span class='ocrx_word' id='word_1_212' title='bbox 1015 2696 1220 2773; x_wconf 87' lang='lat' dir='ltr'><strong>quaestionem</strong></span> <span class='ocrx_word' id='word_1_213' title='bbox 1250 2694 1473 2754; x_wconf 77' lang='lat' dir='ltr'><strong>diiudicandum</strong></span> 
     </span>
     <span class='ocr_line' id='line_1_26' title="bbox 350 2783 1471 2863; baseline -0.004 -20"><span class='ocrx_word' id='word_1_214' title='bbox 350 2784 508 2843; x_wconf 83' lang='lat' dir='ltr'><strong>maximam</strong></span> <span class='ocrx_word' id='word_1_215' title='bbox 522 2783 583 2842; x_wconf 88' lang='lat' dir='ltr'><strong>vim</strong></span> <span class='ocrx_word' id='word_1_216' title='bbox 599 2784 711 2844; x_wconf 87' lang='lat' dir='ltr'><strong>habent</strong></span> <span class='ocrx_word' id='word_1_217' title='bbox 737 2806 788 2846; x_wconf 90' lang='lat' dir='ltr'><strong>eae</strong></span> <span class='ocrx_word' id='word_1_218' title='bbox 812 2806 890 2863; x_wconf 87' lang='lat' dir='ltr'><strong>quae</strong></span> <span class='ocrx_word' id='word_1_219' title='bbox 914 2786 989 2846; x_wconf 87' lang='lat' dir='ltr'><strong>falsa</strong></span> <span class='ocrx_word' id='word_1_220' title='bbox 1013 2787 1132 2862; x_wconf 86' lang='lat' dir='ltr'><strong>apicum</strong></span> <span class='ocrx_word' id='word_1_221' title='bbox 1156 2785 1203 2844; x_wconf 86' lang='lat' dir='ltr'><strong>vel</strong></span> <span class='ocrx_word' id='word_1_222' title='bbox 1227 2783 1471 2861; x_wconf 88' lang='lat' dir='ltr'><strong>compendiorum</strong></span> 
     </span>
     <span class='ocr_line' id='line_1_27' title="bbox 350 2873 1470 2954; baseline -0.004 -22"><span class='ocrx_word' id='word_1_223' title='bbox 350 2873 597 2949; x_wconf 86' lang='lat' dir='ltr'><strong>interpretatione</strong></span> <span class='ocrx_word' id='word_1_224' title='bbox 620 2877 709 2933; x_wconf 87' lang='lat' dir='ltr'><strong>natae</strong></span> <span class='ocrx_word' id='word_1_225' title='bbox 733 2875 883 2940; x_wconf 87' lang='lat' dir='ltr'><strong>videntur.</strong></span> <span class='ocrx_word' id='word_1_226' title='bbox 929 2877 1062 2937; x_wconf 86' lang='lat' dir='ltr'><strong>Afferam</strong></span> <span class='ocrx_word' id='word_1_227' title='bbox 1085 2876 1181 2954; x_wconf 87' lang='lat' dir='ltr'><strong>igitur</strong></span> <span class='ocrx_word' id='word_1_228' title='bbox 1206 2874 1348 2932; x_wconf 84' lang='lat' dir='ltr'><strong>extento</strong></span> <span class='ocrx_word' id='word_1_229' title='bbox 1372 2889 1470 2930; x_wconf 83' lang='lat' dir='ltr'><strong>exem·</strong></span> 
     </span>
     <span class='ocr_line' id='line_1_28' title="bbox 350 2956 1472 3041; baseline -0.005 -19"><span class='ocrx_word' id='word_1_230' title='bbox 350 2963 470 3039; x_wconf 92' lang='lat' dir='ltr'><strong>plorum</strong></span> <span class='ocrx_word' id='word_1_231' title='bbox 485 2981 610 3022; x_wconf 91' lang='lat' dir='ltr'><strong>numero</strong></span> <span class='ocrx_word' id='word_1_232' title='bbox 626 2983 722 3039; x_wconf 89' lang='lat' dir='ltr'><strong>pauca</strong></span> <span class='ocrx_word' id='word_1_233' title='bbox 735 2963 822 3025; x_wconf 86' lang='lat' dir='ltr'><strong>haec:</strong></span> <span class='ocrx_word' id='word_1_234' title='bbox 847 2965 872 3037; x_wconf 96' lang='lat' dir='ltr'><strong>I,</strong></span> <span class='ocrx_word' id='word_1_235' title='bbox 891 2971 917 3036; x_wconf 92' lang='lat' dir='ltr'><strong>l,</strong></span> <span class='ocrx_word' id='word_1_236' title='bbox 936 2971 992 3030; x_wconf 83' lang='lat'><strong>37:</strong></span> <span class='ocrx_word' id='word_1_237' title='bbox 1008 2965 1089 3024; x_wconf 90' lang='lat' dir='ltr'><strong>AV:</strong></span> <span class='ocrx_word' id='word_1_238' title='bbox 1108 2967 1147 3036; x_wconf 89' lang='lat' dir='ltr'><strong>et,</strong></span> <span class='ocrx_word' id='word_1_239' title='bbox 1164 2959 1320 3041; x_wconf 80' lang='lat' dir='ltr'><strong>A¹BG¹):</strong></span> <span class='ocrx_word' id='word_1_240' title='bbox 1339 2979 1363 3031; x_wconf 90' lang='lat' dir='ltr'><strong>a,</strong></span> <span class='ocrx_word' id='word_1_241' title='bbox 1377 2956 1418 3021; x_wconf 82' lang='lat' dir='ltr'><strong>C:</strong></span> <span class='ocrx_word' id='word_1_242' title='bbox 1435 2958 1472 3017; x_wconf 95' lang='lat' dir='ltr'><strong>de</strong></span> 
     </span>
     <span class='ocr_line' id='line_1_29' title="bbox 350 3047 1471 3129; baseline -0.005 -17"><span class='ocrx_word' id='word_1_243' title='bbox 350 3053 375 3124; x_wconf 94' lang='grc' dir='ltr'><strong>Ι,</strong></span> <span class='ocrx_word' id='word_1_244' title='bbox 390 3058 420 3124; x_wconf 98' lang='grc'><strong>4,</strong></span> <span class='ocrx_word' id='word_1_245' title='bbox 435 3052 491 3117; x_wconf 80' lang='lat'><strong>29:</strong></span> <span class='ocrx_word' id='word_1_246' title='bbox 507 3051 590 3111; x_wconf 90' lang='lat' dir='ltr'><strong>AV:</strong></span> <span class='ocrx_word' id='word_1_247' title='bbox 615 3055 646 3112; x_wconf 91' lang='lat' dir='ltr'><strong>te</strong></span> <span class='ocrx_word' id='word_1_248' title='bbox 661 3053 770 3129; x_wconf 91' lang='lat' dir='ltr'><strong>perdit,</strong></span> <span class='ocrx_word' id='word_1_249' title='bbox 795 3050 1001 3113; x_wconf 73' lang='lat' dir='ltr'><strong>A¹130v2a2</strong></span> <span class='ocrx_word' id='word_1_250' title='bbox 1026 3053 1172 3129; x_wconf 86' lang='lat' dir='ltr'><strong>deperdit.</strong></span> <span class='ocrx_word' id='word_1_251' title='bbox 1197 3051 1238 3125; x_wconf 92' lang='grc' dir='ltr'><strong>ΙΙ,</strong></span> <span class='ocrx_word' id='word_1_252' title='bbox 1260 3054 1366 3121; x_wconf 81' lang='lat'><strong>1‚45;</strong></span> <span class='ocrx_word' id='word_1_253' title='bbox 1390 3047 1471 3106; x_wconf 89' lang='lat' dir='ltr'><strong>AV:</strong></span> 
     </span>
     <span class='ocr_line' id='line_1_30' title="bbox 350 3136 1472 3217; baseline -0.006 -16"><span class='ocrx_word' id='word_1_254' title='bbox 350 3142 460 3214; x_wconf 89' lang='lat' dir='ltr'><strong>Antea,</strong></span> <span class='ocrx_word' id='word_1_255' title='bbox 474 3137 586 3201; x_wconf 86' lang='lat' dir='ltr'><strong>A¹dG:</strong></span> <span class='ocrx_word' id='word_1_256' title='bbox 603 3142 714 3202; x_wconf 89' lang='lat' dir='ltr'><strong>Aurea.</strong></span> <span class='ocrx_word' id='word_1_257' title='bbox 739 3141 780 3217; x_wconf 94' lang='grc' dir='ltr'><strong>ΙΙ,</strong></span> <span class='ocrx_word' id='word_1_258' title='bbox 799 3148 829 3217; x_wconf 92' lang='grc'><strong>4,</strong></span> <span class='ocrx_word' id='word_1_259' title='bbox 848 3147 905 3208; x_wconf 88' lang='lat'><strong>33:</strong></span> <span class='ocrx_word' id='word_1_260' title='bbox 922 3143 999 3202; x_wconf 89' lang='lat' dir='ltr'><strong>AV:</strong></span> <span class='ocrx_word' id='word_1_261' title='bbox 1016 3143 1139 3212; x_wconf 84' lang='lat' dir='ltr'><strong>incerta,</strong></span> <span class='ocrx_word' id='word_1_262' title='bbox 1153 3141 1233 3217; x_wconf 94' lang='lat' dir='ltr'><strong>quod</strong></span> <span class='ocrx_word' id='word_1_263' title='bbox 1245 3136 1424 3199; x_wconf 85' lang='lat' dir='ltr'><strong>Baehrensio</strong></span> <span class='ocrx_word' id='word_1_264' title='bbox 1438 3157 1472 3196; x_wconf 84' lang='lat' dir='ltr'><strong>ex</strong></span> 
     </span>
     <span class='ocr_line' id='line_1_31' title="bbox 351 3228 1472 3309; baseline -0.009 -15"><span class='ocrx_word' id='word_1_265' title='bbox 351 3233 431 3294; x_wconf 87' lang='lat' dir='ltr'><strong>victa</strong></span> <span class='ocrx_word' id='word_1_266' title='bbox 448 3257 482 3284; x_wconf 92' lang='lat'><strong><em>=</em></strong></span> <span class='ocrx_word' id='word_1_267' title='bbox 500 3230 600 3291; x_wconf 86' lang='lat' dir='ltr'><strong>vincta</strong></span> <span class='ocrx_word' id='word_1_268' title='bbox 623 3235 761 3292; x_wconf 86' lang='lat' dir='ltr'><strong>exortum</strong></span> <span class='ocrx_word' id='word_1_269' title='bbox 785 3232 915 3302; x_wconf 88' lang='lat' dir='ltr'><strong>videtur,</strong></span> <span class='ocrx_word' id='word_1_270' title='bbox 939 3250 1071 3309; x_wconf 92' lang='lat' dir='ltr'><strong>proquo</strong></span> <span class='ocrx_word' id='word_1_271' title='bbox 1095 3231 1212 3304; x_wconf 86' lang='lat' dir='ltr'><strong>,victa“</strong></span> <span class='ocrx_word' id='word_1_272' title='bbox 1231 3231 1312 3289; x_wconf 87' lang='lat' dir='ltr'><strong>recto</strong></span> <span class='ocrx_word' id='word_1_273' title='bbox 1328 3228 1472 3304; x_wconf 87' lang='lat' dir='ltr'><strong>praebent</strong></span> 
     </span>
     <span class='ocr_line' id='line_1_32' title="bbox 350 3316 1470 3399; baseline -0.005 -19"><span class='ocrx_word' id='word_1_274' title='bbox 350 3317 458 3381; x_wconf 65' lang='lat' dir='ltr'><strong>Ama.</strong></span> <span class='ocrx_word' id='word_1_275' title='bbox 474 3319 516 3392; x_wconf 89' lang='grc' dir='ltr'><strong>ΙΙ,</strong></span> <span class='ocrx_word' id='word_1_276' title='bbox 534 3325 564 3392; x_wconf 87' lang='grc'><strong>4,</strong></span> <span class='ocrx_word' id='word_1_277' title='bbox 582 3326 641 3384; x_wconf 82' lang='lat'><strong>44:</strong></span> <span class='ocrx_word' id='word_1_278' title='bbox 665 3321 776 3381; x_wconf 89' lang='lat' dir='ltr'><strong>AVB:</strong></span> <span class='ocrx_word' id='word_1_279' title='bbox 801 3322 970 3399; x_wconf 88' lang='lat' dir='ltr'><strong>obsequias,</strong></span> <span class='ocrx_word' id='word_1_280' title='bbox 995 3318 1108 3380; x_wconf 79' lang='lat' dir='ltr'><strong>A¹GG2</strong></span> <span class='ocrx_word' id='word_1_281' title='bbox 1134 3318 1283 3395; x_wconf 86' lang='lat' dir='ltr'><strong>exequias.</strong></span> <span class='ocrx_word' id='word_1_282' title='bbox 1308 3316 1349 3390; x_wconf 91' lang='grc' dir='ltr'><strong>ΙΙ,</strong></span> <span class='ocrx_word' id='word_1_283' title='bbox 1365 3323 1395 3388; x_wconf 88' lang='grc'><strong>4,</strong></span> <span class='ocrx_word' id='word_1_284' title='bbox 1410 3321 1470 3381; x_wconf 82' lang='lat'><strong>59:</strong></span> 
     </span>
     <span class='ocr_line' id='line_1_33' title="bbox 351 3405 1470 3484; baseline -0.002 -15"><span class='ocrx_word' id='word_1_285' title='bbox 351 3410 431 3470; x_wconf 94' lang='lat' dir='ltr'><strong>AV:</strong></span> <span class='ocrx_word' id='word_1_286' title='bbox 457 3409 489 3470; x_wconf 84' lang='lat' dir='ltr'><strong>Si</strong></span> <span class='ocrx_word' id='word_1_287' title='bbox 505 3429 574 3484; x_wconf 88' lang='lat' dir='ltr'><strong>non,</strong></span> <span class='ocrx_word' id='word_1_288' title='bbox 591 3411 700 3471; x_wconf 87' lang='lat' dir='ltr'><strong>ceteri:</strong></span> <span class='ocrx_word' id='word_1_289' title='bbox 725 3410 757 3471; x_wconf 82' lang='lat' dir='ltr'><strong>Si</strong></span> <span class='ocrx_word' id='word_1_290' title='bbox 772 3412 869 3471; x_wconf 90' lang='lat' dir='ltr'><strong>modo.</strong></span> <span class='ocrx_word' id='word_1_291' title='bbox 893 3410 935 3484; x_wconf 87' lang='grc' dir='ltr'><strong>ΙΙ,</strong></span> <span class='ocrx_word' id='word_1_292' title='bbox 955 3416 983 3483; x_wconf 84' lang='grc'><strong>5,</strong></span> <span class='ocrx_word' id='word_1_293' title='bbox 1002 3416 1063 3476; x_wconf 87' lang='lat'><strong>35:</strong></span> <span class='ocrx_word' id='word_1_294' title='bbox 1080 3408 1191 3468; x_wconf 92' lang='lat' dir='ltr'><strong>AVB:</strong></span> <span class='ocrx_word' id='word_1_295' title='bbox 1216 3407 1344 3482; x_wconf 87' lang='lat' dir='ltr'><strong>illaque,</strong></span> <span class='ocrx_word' id='word_1_296' title='bbox 1361 3405 1470 3468; x_wconf 87' lang='lat' dir='ltr'><strong>ceteri:</strong></span> 
     </span>
     <span class='ocr_line' id='line_1_34' title="bbox 350 3495 1469 3577; baseline 0 -19"><span class='ocrx_word' id='word_1_297' title='bbox 350 3500 416 3559; x_wconf 87' lang='lat' dir='ltr'><strong>Illa.</strong></span> <span class='ocrx_word' id='word_1_298' title='bbox 441 3498 483 3571; x_wconf 91' lang='grc' dir='ltr'><strong>ΙΙ,</strong></span> <span class='ocrx_word' id='word_1_299' title='bbox 509 3505 538 3571; x_wconf 87' lang='grc'><strong>5,</strong></span> <span class='ocrx_word' id='word_1_300' title='bbox 566 3504 647 3564; x_wconf 85' lang='lat'><strong>116:</strong></span> <span class='ocrx_word' id='word_1_301' title='bbox 672 3500 753 3560; x_wconf 91' lang='lat' dir='ltr'><strong>AV:</strong></span> <span class='ocrx_word' id='word_1_302' title='bbox 778 3501 876 3577; x_wconf 87' lang='lat' dir='ltr'><strong>opida,</strong></span> <span class='ocrx_word' id='word_1_303' title='bbox 901 3501 1008 3561; x_wconf 88' lang='lat' dir='ltr'><strong>ceteri:</strong></span> <span class='ocrx_word' id='word_1_304' title='bbox 1033 3498 1143 3576; x_wconf 87' lang='lat' dir='ltr'><strong>oppida</strong></span> <span class='ocrx_word' id='word_1_305' title='bbox 1160 3497 1245 3574; x_wconf 87' lang='lat' dir='ltr'><strong>(item</strong></span> <span class='ocrx_word' id='word_1_306' title='bbox 1261 3496 1315 3572; x_wconf 89' lang='lat' dir='ltr'><strong>IV,</strong></span> <span class='ocrx_word' id='word_1_307' title='bbox 1336 3502 1363 3571; x_wconf 90' lang='lat'><strong>1,</strong></span> <span class='ocrx_word' id='word_1_308' title='bbox 1385 3495 1469 3568; x_wconf 82' lang='lat'><strong>174).</strong></span> 
     </span>
     <span class='ocr_line' id='line_1_35' title="bbox 351 3586 1471 3664; baseline -0.004 -17"><span class='ocrx_word' id='word_1_309' title='bbox 351 3589 392 3661; x_wconf 92' lang='grc' dir='ltr'><strong>Π,</strong></span> <span class='ocrx_word' id='word_1_310' title='bbox 408 3595 437 3664; x_wconf 87' lang='grc'><strong>6,</strong></span> <span class='ocrx_word' id='word_1_311' title='bbox 455 3593 512 3653; x_wconf 84' lang='lat'><strong>32:</strong></span> <span class='ocrx_word' id='word_1_312' title='bbox 529 3588 639 3648; x_wconf 91' lang='lat' dir='ltr'><strong>AVB:</strong></span> <span class='ocrx_word' id='word_1_313' title='bbox 656 3589 764 3663; x_wconf 87' lang='lat' dir='ltr'><strong>ferant,</strong></span> <span class='ocrx_word' id='word_1_314' title='bbox 782 3591 892 3652; x_wconf 90' lang='lat' dir='ltr'><strong>ceteri:</strong></span> <span class='ocrx_word' id='word_1_315' title='bbox 909 3590 1013 3650; x_wconf 86' lang='lat' dir='ltr'><strong>feram.</strong></span> <span class='ocrx_word' id='word_1_316' title='bbox 1037 3587 1079 3659; x_wconf 85' lang='grc' dir='ltr'><strong>ΙΙ,</strong></span> <span class='ocrx_word' id='word_1_317' title='bbox 1098 3593 1127 3660; x_wconf 76' lang='grc'><strong>6,</strong></span> <span class='ocrx_word' id='word_1_318' title='bbox 1144 3592 1204 3654; x_wconf 78' lang='lat'><strong>46:</strong></span> <span class='ocrx_word' id='word_1_319' title='bbox 1229 3586 1306 3645; x_wconf 92' lang='lat' dir='ltr'><strong>AV:</strong></span> <span class='ocrx_word' id='word_1_320' title='bbox 1328 3590 1471 3660; x_wconf 87' lang='lat' dir='ltr'><strong>tuncque,</strong></span> 
     </span>
     <span class='ocr_line' id='line_1_36' title="bbox 352 3675 1470 3756; baseline 0.002 -18"><span class='ocrx_word' id='word_1_321' title='bbox 352 3680 433 3756; x_wconf 91' lang='lat' dir='ltr'><strong>quod</strong></span> <span class='ocrx_word' id='word_1_322' title='bbox 456 3678 629 3755; x_wconf 91' lang='lat' dir='ltr'><strong>compendio</strong></span> <span class='ocrx_word' id='word_1_323' title='bbox 653 3699 745 3755; x_wconf 87' lang='lat' dir='ltr'><strong>prave</strong></span> <span class='ocrx_word' id='word_1_324' title='bbox 768 3681 853 3740; x_wconf 90' lang='lat' dir='ltr'><strong>illato</strong></span> <span class='ocrx_word' id='word_1_325' title='bbox 878 3682 1016 3740; x_wconf 85' lang='lat' dir='ltr'><strong>exortum</strong></span> <span class='ocrx_word' id='word_1_326' title='bbox 1039 3678 1161 3738; x_wconf 90' lang='lat' dir='ltr'><strong>videtur</strong></span> <span class='ocrx_word' id='word_1_327' title='bbox 1185 3697 1221 3737; x_wconf 83' lang='lat' dir='ltr'><strong>ex</strong></span> <span class='ocrx_word' id='word_1_328' title='bbox 1249 3675 1345 3752; x_wconf 75' lang='lat' dir='ltr'><strong>,irq;“</strong></span> <span class='ocrx_word' id='word_1_329' title='bbox 1373 3675 1470 3751; x_wconf 60' lang='lat' dir='ltr'><strong>(tdffl),</strong></span> 
     </span>
     <span class='ocr_line' id='line_1_37' title="bbox 352 3765 1470 3844; baseline -0.006 -16"><span class='ocrx_word' id='word_1_330' title='bbox 352 3769 443 3829; x_wconf 87' lang='lat' dir='ltr'><strong>ceteri</strong></span> <span class='ocrx_word' id='word_1_331' title='bbox 458 3771 556 3831; x_wconf 90' lang='lat' dir='ltr'><strong>recte:</strong></span> <span class='ocrx_word' id='word_1_332' title='bbox 581 3768 676 3844; x_wconf 90' lang='lat' dir='ltr'><strong>itque.</strong></span> <span class='ocrx_word' id='word_1_333' title='bbox 700 3768 759 3842; x_wconf 92' lang='lat' dir='ltr'><strong>III,</strong></span> <span class='ocrx_word' id='word_1_334' title='bbox 787 3775 814 3841; x_wconf 92' lang='lat'><strong>1,</strong></span> <span class='ocrx_word' id='word_1_335' title='bbox 843 3775 900 3833; x_wconf 80' lang='lat'><strong>15:</strong></span> <span class='ocrx_word' id='word_1_336' title='bbox 924 3767 1037 3828; x_wconf 91' lang='lat' dir='ltr'><strong>AVB:</strong></span> <span class='ocrx_word' id='word_1_337' title='bbox 1062 3768 1185 3839; x_wconf 86' lang='lat' dir='ltr'><strong>Parvos,</strong></span> <span class='ocrx_word' id='word_1_338' title='bbox 1202 3766 1310 3826; x_wconf 87' lang='lat' dir='ltr'><strong>ceteri:</strong></span> <span class='ocrx_word' id='word_1_339' title='bbox 1335 3765 1393 3826; x_wconf 85' lang='lat' dir='ltr'><strong>Par</strong></span> <span class='ocrx_word' id='word_1_340' title='bbox 1408 3781 1470 3824; x_wconf 83' lang='lat' dir='ltr'><strong>vos.</strong></span> 
     </span>
     <span class='ocr_line' id='line_1_38' title="bbox 351 3854 1471 3933; baseline -0.004 -17"><span class='ocrx_word' id='word_1_341' title='bbox 351 3857 409 3928; x_wconf 88' lang='lat'><strong>111,</strong></span> <span class='ocrx_word' id='word_1_342' title='bbox 438 3863 465 3933; x_wconf 92' lang='grc'><strong>1,</strong></span> <span class='ocrx_word' id='word_1_343' title='bbox 494 3862 549 3922; x_wconf 83' lang='lat'><strong>16:</strong></span> <span class='ocrx_word' id='word_1_344' title='bbox 588 3857 698 3917; x_wconf 89' lang='lat' dir='ltr'><strong>AVB:</strong></span> <span class='ocrx_word' id='word_1_345' title='bbox 731 3860 920 3930; x_wconf 89' lang='lat' dir='ltr'><strong>umbrosam,</strong></span> <span class='ocrx_word' id='word_1_346' title='bbox 954 3858 1058 3918; x_wconf 85' lang='lat' dir='ltr'><strong>ceteri:</strong></span> <span class='ocrx_word' id='word_1_347' title='bbox 1090 3859 1238 3917; x_wconf 89' lang='lat' dir='ltr'><strong>umbram.</strong></span> <span class='ocrx_word' id='word_1_348' title='bbox 1271 3854 1329 3929; x_wconf 94' lang='lat' dir='ltr'><strong>III,</strong></span> <span class='ocrx_word' id='word_1_349' title='bbox 1355 3858 1385 3929; x_wconf 90' lang='grc'><strong>3,</strong></span> <span class='ocrx_word' id='word_1_350' title='bbox 1413 3858 1471 3917; x_wconf 89' lang='lat'><strong>14:</strong></span> 
     </span>
     <span class='ocr_line' id='line_1_39' title="bbox 353 3941 1471 4024; baseline -0.006 -19"><span class='ocrx_word' id='word_1_351' title='bbox 353 3946 462 4007; x_wconf 90' lang='lat' dir='ltr'><strong>AVB:</strong></span> <span class='ocrx_word' id='word_1_352' title='bbox 499 3945 643 4021; x_wconf 88' lang='lat' dir='ltr'><strong>thariste,</strong></span> <span class='ocrx_word' id='word_1_353' title='bbox 677 3947 784 4008; x_wconf 87' lang='lat' dir='ltr'><strong>ceteri:</strong></span> <span class='ocrx_word' id='word_1_354' title='bbox 822 3950 949 4024; x_wconf 86' lang='lat' dir='ltr'><strong>caryste.</strong></span> <span class='ocrx_word' id='word_1_355' title='bbox 985 3947 1047 4020; x_wconf 92' lang='grc' dir='ltr'><strong>ΙΠ,</strong></span> <span class='ocrx_word' id='word_1_356' title='bbox 1081 3952 1110 4021; x_wconf 88' lang='grc'><strong>3,</strong></span> <span class='ocrx_word' id='word_1_357' title='bbox 1135 3951 1195 4011; x_wconf 84' lang='lat'><strong>21:</strong></span> <span class='ocrx_word' id='word_1_358' title='bbox 1231 3944 1311 4004; x_wconf 92' lang='lat' dir='ltr'><strong>AV:</strong></span> <span class='ocrx_word' id='word_1_359' title='bbox 1347 3941 1471 4011; x_wconf 90' lang='lat' dir='ltr'><strong>homini,</strong></span> 
     </span>
     <span class='ocr_line' id='line_1_40' title="bbox 353 4027 1470 4109; baseline -0.008 -12"><span class='ocrx_word' id='word_1_360' title='bbox 353 4037 457 4097; x_wconf 89' lang='lat' dir='ltr'><strong>ceteri:</strong></span> <span class='ocrx_word' id='word_1_361' title='bbox 493 4036 656 4100; x_wconf 87' lang='lat' dir='ltr'><strong>hominum.</strong></span> <span class='ocrx_word' id='word_1_362' title='bbox 693 4036 750 4108; x_wconf 93' lang='grc' dir='ltr'><strong>ΙΙΙ,</strong></span> <span class='ocrx_word' id='word_1_363' title='bbox 783 4043 813 4109; x_wconf 89' lang='grc'><strong>4,</strong></span> <span class='ocrx_word' id='word_1_364' title='bbox 839 4043 877 4102; x_wconf 85' lang='lat'><strong>9:</strong></span> <span class='ocrx_word' id='word_1_365' title='bbox 913 4036 1022 4097; x_wconf 86' lang='lat' dir='ltr'><strong>AVB:</strong></span> <span class='ocrx_word' id='word_1_366' title='bbox 1059 4039 1166 4096; x_wconf 85' lang='lat' dir='ltr'><strong>natum</strong></span> <span class='ocrx_word' id='word_1_367' title='bbox 1197 4037 1349 4104; x_wconf 87' lang='lat' dir='ltr'><strong>maturas,</strong></span> <span class='ocrx_word' id='word_1_368' title='bbox 1381 4027 1470 4090; x_wconf 85' lang='lat' dir='ltr'><strong>A¹G:</strong></span> 
     </span>
     <span class='ocr_line' id='line_1_41' title="bbox 353 4123 1471 4204; baseline -0.004 -19"><span class='ocrx_word' id='word_1_369' title='bbox 353 4146 465 4186; x_wconf 87' lang='lat' dir='ltr'><strong>vanum</strong></span> <span class='ocrx_word' id='word_1_370' title='bbox 488 4131 631 4200; x_wconf 87' lang='lat' dir='ltr'><strong>ventura,</strong></span> <span class='ocrx_word' id='word_1_371' title='bbox 663 4146 698 4186; x_wconf 87' lang='lat' dir='ltr'><strong>ex</strong></span> <span class='ocrx_word' id='word_1_372' title='bbox 721 4146 781 4204; x_wconf 89' lang='lat' dir='ltr'><strong>qua</strong></span> <span class='ocrx_word' id='word_1_373' title='bbox 813 4126 973 4188; x_wconf 90' lang='lat' dir='ltr'><strong>lectionum</strong></span> <span class='ocrx_word' id='word_1_374' title='bbox 998 4125 1165 4187; x_wconf 83' lang='lat' dir='ltr'><strong>differentia</strong></span> <span class='ocrx_word' id='word_1_375' title='bbox 1188 4123 1364 4185; x_wconf 88' lang='lat' dir='ltr'><strong>concludere</strong></span> <span class='ocrx_word' id='word_1_376' title='bbox 1386 4138 1471 4200; x_wconf 87' lang='lat' dir='ltr'><strong>posse</strong></span> 
     </span>
    </p>
   </div>
   <div class='ocr_carea' id='block_1_3' title="bbox 442 4317 1266 4395">
    <p class='ocr_par' dir='ltr' id='par_1_4' title="bbox 442 4317 1266 4395">
     <span class='ocr_line' id='line_1_42' title="bbox 442 4317 1266 4395; baseline -0.001 -22"><span class='ocrx_word' id='word_1_377' title='bbox 442 4317 468 4390; x_wconf 91' lang='lat'><strong>1)</strong></span> <span class='ocrx_word' id='word_1_378' title='bbox 486 4323 555 4377; x_wconf 88' lang='lat' dir='ltr'><strong>nota</strong></span> <span class='ocrx_word' id='word_1_379' title='bbox 573 4317 606 4376; x_wconf 84' lang='lat' dir='ltr'><strong>Al</strong></span> <span class='ocrx_word' id='word_1_380' title='bbox 626 4319 749 4379; x_wconf 86' lang='lat' dir='ltr'><strong>codicem</strong></span> <span class='ocrx_word' id='word_1_381' title='bbox 768 4321 970 4382; x_wconf 87' lang='lat' dir='ltr'><strong>Eboraoensem</strong></span> <span class='ocrx_word' id='word_1_382' title='bbox 988 4321 1145 4395; x_wconf 79' lang='lat' dir='ltr'><strong>significare</strong></span> <span class='ocrx_word' id='word_1_383' title='bbox 1164 4319 1266 4392; x_wconf 86' lang='lat' dir='ltr'><strong>placet.</strong></span> 
     </span>
    </p>
   </div>
   <div class='ocr_carea' id='block_1_4' title="bbox 0 0 1650 4978">
    <p class='ocr_par' dir='ltr' id='par_1_5' title="bbox 0 0 1650 4978">
     <span class='ocr_line' id='line_1_43' title="bbox 0 0 1650 4978; baseline 0 0"><span class='ocrx_word' id='word_1_384' title='bbox 0 0 1650 4978; x_wconf 95' lang='lat' dir='ltr'><strong> </strong></span> 
     </span>
    </p>
   </div>
  </div>
 </body>
</html>
