3286 4978
809 457 1027 518 ..50-

529 653 568 707 11.
600 652 643 708 lte
661 650 814 722 nurusque
832 652 963 711 furcillae
982 655 1012 712 X
1029 655 1060 712 et
1077 656 1103 712 Y
1121 657 1308 715 auctoritato.

445 782 490 841 De
513 781 697 841 familiarum
721 784 903 845 auctoritate
927 789 1074 862 quantum
1093 807 1128 847 ex
1148 787 1309 848 lectionum
1327 789 1479 850 variarum

360 871 581 948 comparatione
614 890 705 949 supra
727 873 872 934 instituta
895 875 994 953 colligi
1020 879 1137 951 potest,
1170 878 1261 937 codex
1284 878 1335 936 ille
1359 898 1394 938 ex
1418 899 1478 956 quo

359 961 616 1037 Guelferbytanus
640 962 786 1036 manavit,
812 983 827 1022 c
850 983 943 1024 manu
967 965 1094 1024 hominis
1118 967 1239 1046 linguae
1262 967 1374 1027 latinae
1397 969 1478 1029 haud

357 1049 490 1126 imperiti
514 1050 665 1126 profectus
690 1055 752 1124 est,
785 1053 910 1112 alterius
935 1056 1035 1112 autem
1060 1054 1191 1114 familiae
1215 1057 1283 1116 libri
1309 1078 1326 1116 a
1348 1056 1478 1117 librariis

356 1139 483 1199 indoctis
515 1142 607 1216 atque
638 1141 867 1220 neglegentibus
896 1141 1038 1217 descripti
1065 1147 1146 1202 sunt.
1194 1144 1259 1215 Quo
1283 1146 1398 1206 factum
1423 1150 1476 1218 est,

356 1231 392 1286 ut
416 1227 676 1306 Guelferbytanus
699 1231 845 1306 plurimas
869 1229 976 1290 codicis
1000 1230 1155 1307 archetypi
1180 1231 1204 1290 O
1229 1233 1378 1307 lectiones
1404 1256 1478 1313 quas

355 1318 542 1393 reliquorum
577 1320 723 1378 librorum
758 1319 872 1378 scribae
906 1318 1004 1376 minus
1040 1321 1120 1376 recte
1155 1319 1358 1397 intelligentes
1396 1345 1477 1384 moro

357 1426 455 1466 errore
479 1408 541 1467 sive
565 1408 698 1469 socordia
721 1408 983 1480 transformabant,
1008 1406 1182 1465 immutatas
1206 1410 1236 1465 et
1260 1409 1388 1470 intactas
1407 1433 1476 1488 pro-

357 1501 493 1574 pagaret.
533 1496 590 1556 Sed
609 1497 663 1555 ubi
686 1497 783 1556 maius
806 1495 970 1574 ingenium,
995 1495 1038 1554 ibi
1062 1495 1158 1555 maius
1183 1496 1273 1555 etiam
1296 1501 1475 1560 temeritatis

358 1585 560 1663 audaciaeque
583 1585 784 1663 interpolandi
808 1585 987 1660 periculum.
1035 1584 1143 1661 Itaque
1169 1604 1269 1646 onmes
1292 1605 1343 1646 eae
1366 1587 1474 1646 codicis

355 1672 379 1733 Ο
404 1675 544 1735 lectiones
568 1695 645 1751 quae
669 1675 732 1734 sive
756 1673 934 1750 corruptelis
958 1674 1142 1735 deformatae
1175 1675 1285 1735 litteris
1312 1694 1401 1735 sensu
1425 1695 1473 1735 ex·

354 1765 491 1840 pertibus
515 1766 707 1837 constabant,
740 1763 802 1824 sive
826 1765 948 1840 propter
971 1766 1155 1824 vetustatem
1187 1765 1306 1824 omnino
1330 1765 1389 1843 legi
1417 1783 1473 1824 non

354 1855 510 1929 poterant,
542 1874 559 1912 a
586 1854 709 1913 librario
742 1853 873 1928 parentis
902 1851 1133 1929 Guelferbytani
1165 1854 1343 1915 coniecturis
1375 1854 1475 1930 eisque

354 1962 410 2001 non
436 1961 551 2020 semper
575 1943 695 2019 optimis
718 1945 883 2018 temptatae
907 1945 987 2013 sunt,
1020 1961 1089 2002 cum
1113 1943 1226 2002 codices
1250 1944 1277 2001 A
1302 1947 1331 2003 et
1357 1943 1392 2016 V,
1425 1947 1475 2002 ut-

354 2034 423 2107 pote
447 2034 484 2092 ab
509 2032 678 2091 hominibus
702 2032 830 2092 indoctis
855 2035 908 2108 qui
931 2048 1035 2090 versus
1058 2031 1232 2108 intellegere
1255 2051 1362 2106 parum
1387 2051 1474 2091 cura-

353 2123 437 2192 bant,
463 2121 576 2180 exarati
599 2121 754 2197 archetypi
769 2121 876 2180 menda
892 2121 1004 2179 maiore
1020 2139 1086 2180 cum
1104 2119 1162 2178 fide
1177 2120 1295 2194 saepius
1312 2121 1474 2180 traderent.

354 2210 511 2285 Nusquam
535 2210 631 2288 igitur
661 2210 693 2268 in
717 2209 953 2286 Guelferbytano
984 2209 1058 2268 tales
1089 2208 1223 2268 invenies
1252 2209 1434 2285 scripturas:
1450 2209 1474 2284 ¹)

385 2369 410 2441 Ι,
437 2374 466 2441 5,
495 2374 551 2434 16:
576 2388 673 2429 creme
696 2369 733 2440 A,
760 2369 888 2451 (chromo
911 2368 951 2444 V)
975 2369 1146 2429 -circum
1172 2367 1254 2427 G-
1272 2367 1381 2428 triviae
1405 2369 1471 2429 edd.

353 2483 410 2555 ΙΙΙ,
437 2492 465 2559 4,
492 2489 550 2548 47:
575 2484 684 2562 cuique
708 2483 765 2542 AV
790 2519 829 2527 —-
855 2484 1002 2561 cuiusque
1026 2482 1052 2543 G
1079 2519 1113 2528 —
1141 2483 1277 2560 aevique,
1303 2484 1367 2543 edd.

353 2600 407 2673 IV,
436 2606 463 2671 1,
492 2605 573 2666 110:
598 2599 710 2675 arpinis
734 2599 791 2658 AV
821 2635 856 2644 -
881 2599 988 2675 alpinis
1013 2597 1039 2658 G
1065 2634 1103 2643 -
1134 2598 1269 2675 arupinis
1293 2598 1326 2656 F.

437 2696 464 2761 l,
493 2694 572 2754 113:
596 2691 755 2748 renovarat
767 2688 823 2747 AV
840 2723 875 2732 —
890 2686 1122 2748 revocaveratG
1140 2723 1173 2732 -
1189 2690 1394 2758 renovaverat,
1409 2687 1473 2751 edd.

342 2817 345 2824 Δ
435 2785 462 2851 1,
491 2783 569 2843 139:
595 2780 708 2838 tetereo
731 2777 789 2835 AV
814 2812 855 2822 —
880 2778 1007 2838 threicio
1032 2775 1058 2836 G
1083 2812 1123 2822 -
1147 2777 1278 2848 theraeo,
1304 2777 1368 2835 edd.

442 2938 548 3013 Neque
579 2939 737 3012 corruptae
768 2937 866 2996 solum
893 2937 1001 2996 codicis
1025 2935 1049 2995 Ο
1074 2936 1215 2997 lectiones
1238 2936 1268 2993 in
1293 2933 1472 3012 Guelferby-

352 3028 416 3088 tani
447 3029 570 3103 parente
600 3026 831 3086 transformatae
858 3028 961 3100 erant,
993 3027 1044 3085 sed
1069 3025 1159 3084 etiam
1183 3024 1313 3099 optimae
1335 3043 1473 3084 nonnun-

353 3137 443 3194 quam
475 3116 641 3192 scripturae
669 3115 737 3174 aliis
770 3115 902 3174 eiusdem
926 3116 975 3174 vel
1005 3114 1110 3174 similis
1141 3113 1365 3191 significationis
1390 3118 1474 3174 erant

352 3209 498 3277 mutatae,
523 3205 625 3264 velut:

386 3350 411 3421 I,
437 3353 467 3420 4,
494 3353 551 3414 22:
577 3348 642 3408 loca
666 3367 783 3407 summa
807 3345 833 3405 G
861 3381 895 3390 —
923 3345 1002 3406 freta
1025 3362 1142 3404 summa
1164 3343 1200 3402 Y.

436 3443 465 3509 8,
492 3443 551 3502 60:
576 3437 679 3496 sonitu
703 3435 729 3496 G
756 3471 790 3481 -
820 3435 949 3512 strepitu
974 3435 1008 3492 Y.

436 3532 465 3602 2,
494 3532 548 3591 14:
573 3526 704 3602 plurima
728 3524 754 3584 G
779 3559 819 3569 -
843 3524 949 3584 florida
970 3523 1007 3586 Y.

367 3642 409 3715 ΙΙ,
438 3649 465 3715 Ι,
494 3647 549 3706 18:
574 3642 674 3701 tollite
698 3639 724 3700 G
751 3673 788 3682 -
813 3641 918 3717 pellite
939 3639 977 3697 Y.

437 3737 467 3805 3,
515 3737 554 3797 8:
579 3731 701 3791 colenda
724 3729 750 3788 G
776 3763 812 3774 -
840 3728 963 3790 serenda
985 3726 1022 3785 Y.

437 3827 466 3894 6,
515 3827 551 3886 6:
576 3821 674 3879 lustra
698 3818 724 3879 G
749 3851 789 3862 -—
815 3817 901 3896 signa
923 3816 960 3875 Y.

437 3912 467 3983 6,
494 3915 552 3976 28:
576 3910 655 3970 bella
678 3908 781 3986 puella
796 3906 823 3967 G
841 3907 975 3966 -dura
998 3906 1099 3983 puella
1114 3906 1140 3963 Y
1165 3905 1277 3981 (confer
1292 3903 1349 3978 Ill,
1366 3908 1397 3975 4,
1415 3908 1469 3967 52:

575 3999 655 4060 bella
678 3997 803 4074 puella.)

352 4152 564 4162 ..-——--—-

352 4303 367 4355 7
396 4301 412 4355 8
443 4229 469 4356 ll)
488 4230 589 4285 Confer
614 4227 700 4284 etiam
724 4228 745 4292 Ι,
764 4227 789 4292 3,
809 4225 852 4280 38.
872 4226 914 4280 56.
934 4226 959 4290 4,
980 4225 1022 4280 29.
1042 4223 1067 4290 8,
1087 4223 1129 4276 51.
1148 4224 1182 4288 ΙΙ,
1202 4221 1227 4287 3,
1247 4221 1288 4275 63.
1309 4221 1333 4285 6,
1353 4220 1395 4274 46.
1423 4220 1470 4285 lV,

370 4344 376 4368 ,
432 4320 510 4358 aras.
