3286 4978
800 1191 1041 1294 appendix.

454 1410 510 1469 His
542 1411 640 1488 igitur
670 1410 713 1470 rei
745 1409 865 1469 criticae
895 1409 1036 1468 subsidiis
1068 1429 1145 1486 quae
1177 1411 1334 1470 maximam
1369 1415 1484 1488 partem

364 1500 537 1559 Baehrensii
561 1518 666 1575 operae
691 1499 828 1577 egregiae
852 1499 1008 1572 debemus,
1033 1500 1119 1576 quasi
1150 1499 1352 1560 fundamentis
1377 1502 1404 1562 ei
1428 1502 1484 1562 erit

364 1590 530 1663 nitendum,
555 1590 607 1665 qui
631 1589 762 1648 earmina
785 1587 955 1648 Tibulliana
978 1589 1008 1645 in
1032 1589 1186 1667 integrum
1208 1590 1395 1650 restituenda
1418 1609 1484 1650 sus·

365 1679 486 1756 ceperit.
535 1677 593 1738 Sed
617 1681 736 1738 tantum
760 1678 844 1737 abest
867 1680 903 1738 ut
926 1681 1086 1752 postquam
1110 1697 1213 1738 eorum
1240 1679 1351 1740 auxilio
1375 1681 1411 1740 ad
1435 1699 1484 1740 oo·

365 1767 436 1826 dieis
453 1768 609 1828 cuiusdam
625 1767 781 1842 archetypi
796 1767 936 1826 lectiones
951 1769 1042 1843 atque
1058 1768 1130 1827 adeo
1147 1768 1183 1827 ad
1196 1768 1328 1846 singulas
1342 1789 1484 1830 versuum

364 1857 527 1933 scripturas
552 1875 708 1934 germanas
731 1856 879 1931 pervenit,
905 1859 1001 1915 totam
1023 1875 1087 1916 rem
1109 1857 1170 1916 iem
1186 1858 1352 1932 expeditam
1378 1861 1408 1918 et
1431 1861 1485 1918 ab·

365 1947 495 2005 solutam
519 1946 689 2004 existimare
713 1946 822 2022 possit,
855 1948 892 2004 ut
921 1950 1025 2005 contra
1048 1948 1122 2006 tunc
1146 1947 1267 2006 demum
1290 1948 1485 2024 gravissimae

364 2036 408 2094 rei
431 2035 551 2094 criticae
567 2035 766 2110 quaestiones,
791 2034 914 2111 quinam
937 2035 968 2092 in
992 2034 1104 2094 Tibulli
1128 2035 1230 2112 elegiis
1255 2039 1357 2096 extent
1381 2055 1485 2096 versus

364 2124 548 2200 interpositi,
582 2145 719 2201 quaeque
749 2124 913 2184 carminum
931 2113 1048 2200 ‘partes
1081 2124 1176 2182 alieno
1200 2125 1263 2182 loco
1287 2125 1432 2196 insertae,
1458 2126 1485 2185 ei

365 2214 425 2273 sint
449 2214 677 2292 aggrediendae.

453 2303 553 2362 Primo
585 2304 661 2362 enim
695 2306 762 2379 post
795 2301 861 2364 ohr.
886 2322 915 2361 n.
950 2303 1069 2362 saeculo
1099 2301 1181 2361 Albii
1212 2302 1350 2362 libellum
1380 2302 1484 2362 multi-

364 2392 472 2451 fariam
500 2393 636 2453 versibus
667 2392 835 2452 subditiciis
863 2391 1061 2467 depravatum
1091 2395 1120 2450 et
1143 2411 1196 2466 per
1220 2396 1383 2451 extremam
1406 2391 1484 2451 anti-

366 2483 514 2557 quitatem
538 2482 586 2542 vel
609 2483 705 2558 prima
728 2482 818 2541 medii
841 2481 908 2541 aevi
931 2481 1050 2542 saecula
1082 2480 1161 2540 foliis
1193 2481 1271 2541 inter
1302 2501 1333 2541 se
1364 2501 1485 2557 permu-

365 2572 438 2632 tatis
461 2573 593 2647 turpiter
621 2572 776 2631 foedatum
809 2590 870 2631 esse
899 2571 957 2629 viri
990 2571 1063 2630 artis
1094 2570 1281 2631 Tibullianae
1312 2571 1486 2648 peritissimi

366 2660 506 2721 arbitrati
537 2663 618 2732 sunt.
665 2661 744 2720 Nam
775 2664 812 2719 ut
844 2660 1043 2720 commenticii
1074 2661 1121 2720 vel
1154 2661 1272 2721 aliunde
1301 2660 1332 2718 in
1356 2660 1486 2720 earmina

365 2750 478 2810 Tibulli
500 2750 578 2810 illati
602 2751 728 2826 exempli
751 2750 850 2828 gratia
872 2753 952 2810 recte
976 2750 1127 2810 eiciuntur
1150 2768 1253 2809 versus
1276 2749 1302 2821 Ι,
1329 2755 1357 2821 5,
1383 2755 1423 2814 45
1441 2769 1485 2826 sq.

367 2860 384 2898 a
408 2831 587 2916 Gruppi01),
611 2839 652 2909 ΙΙ,
680 2845 708 2911 5,
735 2845 772 2904 31
800 2858 843 2914 sq.
870 2859 887 2897 a
910 2839 1142 2900 Mitscherlichio
1159 2838 1364 2916 Gruppioque,
1389 2839 1429 2909 ΙΙ,
1457 2844 1486 2909 5,

370 2933 433 2993 19-
457 2933 497 2993 22
538 2932 568 2988 et
603 2933 733 2993 (ib—80
766 2949 783 2988 a
817 2927 1046 3003 Baehrensio‘o,
1082 2928 1122 2999 II,
1156 2934 1185 2999 6,
1220 2933 1259 2992 23
1285 2947 1328 3003 sq.
1365 2926 1484 2989 aGuil.

367 3015 551 3095 Fischero³);
581 3018 794 3093 transponendi
817 3020 918 3076 autem
948 3018 1011 3077 sine
1042 3018 1105 3076 ulla
1135 3017 1323 3077 dubitatione
1356 3015 1488 3097 (praeter

366 3108 433 3168 illos
458 3127 533 3184 quos
557 3107 653 3167 alieno
675 3109 740 3166 loco
765 3105 905 3166 exhibent
935 3110 1072 3183 excerpta
1096 3106 1231 3166 Parisina
1256 3109 1285 3165 et
1309 3107 1399 3166 codex
1423 3104 1486 3188 G4)

367 3217 471 3257 versus
494 3185 548 3269 IV,
573 3203 603 3268 4,
630 3201 668 3261 21
695 3216 749 3272 sq,
773 3196 803 3255 id
827 3196 991 3271 quodiam
1015 3195 1164 3256 Italorum
1192 3195 1250 3254 viri
1273 3195 1353 3255 docti
1377 3196 1488 3272 optime

367 3287 590 3357 intellexerunt,
615 3289 645 3346 et
667 3286 693 3360 Ι,
719 3291 748 3357 4,
775 3289 905 3350 21-26
937 3289 967 3344 et
992 3290 1140 3358 57-70,
1174 3303 1248 3360 quos
1280 3285 1395 3360 primus
1419 3305 1486 3361 per·

367 3396 470 3452 peram
501 3377 628 3435 insertos
666 3376 807 3454 cognovit
839 3373 1068 3449 sisennius-⁶),
1101 3377 1182 3434 recte
1213 3375 1361 3450 disposuit
1391 3375 1487 3434 Baeh-

367 3465 528 3541 rensiusss).
576 3464 640 3524 Hae
670 3465 790 3542 quidem
815 3463 1010 3524 distichorum
1039 3464 1228 3524 traiectiones
1258 3464 1488 3540 prudentissimo

369 3555 478 3631 cuique
493 3555 713 3633 probabuntur,
738 3574 806 3614 cum
822 3555 922 3614 omnia
946 3572 1023 3631 quae
1038 3553 1069 3612 in
1085 3553 1211 3629 pristino
1228 3573 1370 3614 versuum
1386 3553 1488 3613 ordine

459 3771 485 3840 1)
503 3773 602 3836 Minos,
621 3790 668 3841 pg.
687 3770 703 3824 3
722 3789 782 3840 sqq.

458 3870 485 3938 2)
505 3870 676 3924 Tibullische
695 3869 807 3934 blattea
827 3887 874 3939 pg.
894 3868 929 3921 24
948 3887 1007 3938 sqq.

459 3969 486 4036 3)
507 3969 688 4035 Quaestiones
708 3967 916 4038 Propertianae,
935 3969 1048 4024 Bonnae
1069 3967 1145 4034 1863,
1166 3969 1266 4023 theses.

459 4065 487 4134 4)
507 4069 554 4122 cfr.
573 4084 657 4138 supra
675 4086 721 4137 pg.
741 4065 783 4120 46.

461 4167 488 4233 5)
507 4170 572 4221 acta
590 4183 643 4220 soc.
663 4166 749 4220 litter.
770 4165 870 4220 Saxon.
890 4183 907 4219 a
926 4165 995 4219 1866
1013 4183 1060 4235 pg.
1081 4165 1176 4221 3—21.

461 4264 489 4333 6)
511 4265 571 4320 Tib.
591 4265 703 4330 blatter,
723 4282 769 4336 pg.
791 4263 904 4319 70-75.
