3286 4978
607 497 825 555 ..17-

471 727 473 732 ,
493 663 542 722 IV.
560 665 603 720 ne
622 665 773 734 excerptis
791 665 945 726 reminis.

245 796 269 854 Ε
292 794 438 854 Parisinis
462 797 668 871 excerptorum
692 796 777 856 libris
801 797 894 857 codici
917 795 1011 873 regio,
1036 795 1107 854 olim
1122 795 1275 868 Tbuane0,

160 887 210 964 qui
232 903 358 945 numero
385 885 469 949 7647
494 883 670 944 inscribitur
694 887 750 961 (p),
782 886 878 944 maior
903 905 995 961 quam
1019 884 1276 958 Nostradamensi,

158 995 235 1035 nunc
267 975 352 1052 regio
380 978 485 1039 17903
512 976 556 1050 (ιι)
588 974 752 1034 anctoritas
785 975 978 1035 attribuenda
1010 983 1064 1034 est.
1111 973 1169 1035 Hic
1199 976 1278 1035 euim

157 1065 273 1126 librarii
288 1063 460 1142 ignorantia
475 1064 523 1123 vel
539 1064 663 1124 levitate
680 1064 792 1124 mendis
808 1064 977 1140 scripturae
993 1065 1154 1124 admodum
1170 1065 1277 1138 scatit;

159 1154 288 1229 exempli
311 1171 400 1213 causa
428 1152 504 1212 falso
535 1173 589 1228 pro
613 1153 722 1213 codicis
746 1174 765 1230 p
789 1153 938 1230 scriptura
968 1156 1092 1229 praebet
1114 1153 1279 1214 lectionum

160 1243 323 1304 varietates
344 1242 410 1301 has:
442 1241 468 1312 Ι,
494 1246 523 1314 9,
549 1247 607 1308 28;
646 1242 812 1317 ,invictos“
838 1262 892 1319 pro
919 1243 1081 1319 „invitos“,
1100 1243 1131 1314 Ι,
1160 1248 1210 1317 10,
1235 1245 1277 1307 46

162 1350 283 1392 uersum
307 1331 426 1405 omittit,
451 1329 493 1405 ΙΙ,
519 1336 548 1406 3,
574 1337 633 1396 47:
667 1333 844 1410 „coniugia“
871 1351 924 1409 pro
951 1332 1138 1407 „convivia“,
1163 1332 1221 1403 111,
1247 1338 1277 1404 3,

169 1426 223 1485 12:
261 1421 422 1495 „fundant“
458 1438 512 1496 pro
547 1421 713 1495 „findant“,
746 1422 804 1496 ΙΙΙ,
830 1426 860 1494 3,
889 1427 947 1486 17:
981 1419 1105 1483 idtbeo“
1139 1441 1193 1498 pro
1228 1423 1279 1497 „in

165 1509 307 1570 erithreo“
334 1513 383 1586 (pt
419 1510 595 1585 meritbeo);
632 1510 705 1570 alias
728 1511 943 1587 discrepantias
973 1531 1066 1587 supra
1088 1531 1139 1588 pg.
1168 1517 1206 1576 16
1232 1513 1278 1570 at-

160 1599 293 1658 tulimus,

247 1688 390 1748 Attamen
421 1709 490 1749 cum
521 1689 779 1750 Nostradamensis
811 1710 847 1748 ex
877 1688 1019 1750 Thuaneo
1055 1709 1114 1749 non
1146 1689 1278 1764 fluxerit,

156 1781 287 1853 uterque
311 1779 348 1838 ad
373 1799 442 1838 eum
466 1779 520 1855 qui
543 1799 578 1839 ex
601 1778 696 1854 ipsius
721 1779 901 1856 excerptoris
923 1799 1015 1838 manu
1046 1778 1198 1856 profectus
1223 1782 1277 1853 est,

157 1867 289 1928 codicem
314 1858 536 1928 restituendum
558 1869 644 1928 nobis
660 1888 735 1945 opus
760 1873 813 1928 ast.
862 1868 921 1939 Qui
944 1868 1159 1946 florilegiorum
1176 1869 1278 1928 arche·

157 1960 260 2033 typus,
295 1957 460 2018 communis
491 1958 625 2018 omnium
658 1977 733 2035 quas
764 1958 902 2018 novimus
934 1962 1052 2035 praeter
1075 1955 1278 2036 Friaingenses

159 2047 332 2124 eclogarum
364 2047 440 2118 fons,
475 2047 641 2107 manifestis
674 2047 958 2125 interpolationibus
989 2048 1171 2124 depravatus
1203 2052 1277 2112 erat.

159 2135 234 2194 Cum
259 2137 338 2194 enim
361 2136 456 2212 isqui
478 2139 616 2213 excerpta
639 2137 776 2208 confecit,
802 2155 906 2197 versus
923 2155 997 2214 quos
1022 2157 1037 2197 e
1060 2137 1279 2197 sententiarum
1393 2142 1395 2148 ’

157 2244 274 2285 conexu
298 2225 449 2299 evelleret,
473 2229 552 2302 ipsos
576 2245 629 2302 per
653 2245 684 2286 se
706 2226 794 2287 facile
818 2225 955 2304 intellegi
981 2226 1083 2298 vellet,
1106 2227 1278 2302 saepissime

157 2319 188 2374 et
211 2315 381 2391 particulae
406 2318 435 2375 et
460 2314 692 2389 coniunctiones,
726 2315 799 2392 quin
824 2315 914 2375 etiam
938 2315 1122 2391 pronomina,
1155 2336 1274 2393 genera,

156 2406 302 2480 tempora,
318 2405 400 2464 modi
416 2407 501 2464 erant
516 2405 670 2477 mutanda,
688 2425 819 2481 quorum
835 2406 969 2482 exempla
985 2405 1092 2465 attulit
1104 2405 1279 2464 Protxenius

158 2495 191 2550 in
221 2493 316 2553 libelli
350 2493 397 2552 sui
431 2514 482 2572 pg.
508 2499 549 2559 45
574 2513 639 2571 sqq.
652 2495 686 2568 ¹).
733 2493 790 2554 Sed
823 2515 860 2555 ne
891 2494 924 2553 in
955 2494 1001 2554 his
1031 2495 1153 2570 quidem
1184 2495 1279 2555 inter-

161 2583 362 2658 polationibus
386 2583 547 2660 acquievit,
581 2584 671 2643 immo
695 2584 743 2644 vel
775 2585 853 2643 totas
886 2603 972 2659 saepe
995 2584 1158 2644 sententias
1180 2587 1278 2644 trans-

160 2672 300 2731 formavit
322 2672 368 2731 ita
397 2677 434 2731 ut
457 2693 535 2749 quae
567 2674 604 2732 de
626 2693 686 2733 uno
718 2691 748 2732 se
771 2674 819 2732 uel
849 2673 885 2732 de
909 2675 990 2733 certo
1020 2673 1140 2733 homine
1162 2674 1279 2733 dixerat

159 2761 306 2832 Tibullus,
331 2761 362 2820 in
385 2781 485 2822 omnes
501 2763 634 2822 homines
658 2761 838 2839 caderent.²)
874 2761 949 2820 (lum
973 2764 1076 2820 autem
1099 2764 1280 2839 opusculum

155 2869 248 2912 suum
271 2851 389 2911 scholae
412 2851 483 2911 usui
498 2852 686 2923 destinasset,
711 2871 771 2910 non
787 2852 875 2911 modo
891 2849 992 2910 omnia
1005 2871 1082 2927 quae
1106 2854 1143 2911 ab
1157 2853 1280 2911 illorum

154 2944 329 3017 temporum
352 2941 486 3001 moribus
519 2942 793 3017 monachorumque
823 2940 906 3000 vitae
937 2940 1087 3001 institutis
1120 2941 1279 3001 abhorrere

155 3031 350 3104 videbantur,
383 3049 418 3088 cx
448 3031 558 3108 eclogis
589 3031 651 3090 suis
683 3031 812 3090 removit
844 3031 942 3108 (velut
964 3028 1006 3101 H,
1032 3037 1061 3102 3,
1075 3037 1139 3095 ·38.
1163 3031 1222 3102 III,
1248 3037 1278 3103 3,

157 3124 218 3193 32,
253 3120 328 3195 al),
372 3121 423 3179 sed
457 3121 548 3180 etiam
581 3120 804 3180 inusitatiorem
838 3122 1000 3179 verborum
1035 3120 1279 3198 compositionem

250 3350 275 3417 l)
294 3351 396 3406 Totam
420 3352 454 3406 de
479 3354 672 3421 excerptorum
696 3353 805 3407 ratione
824 3351 1017 3420 quaestionem
1036 3325 1126 3405 denuo
1145 3352 1280 3406 tractavit

159 3425 347 3492 quattuorque
359 3423 585 3505 interpolationis
598 3441 702 3494 genera
714 3423 844 3478 distinxit
858 3423 894 3476 Μ.
908 3423 1102 3477 Rothsteinius
1115 3441 1162 3492 pg
1175 3423 1208 3475 25
1218 3441 1278 3492 sqq.

157 3511 249 3562 neque
268 3499 363 3549 tamen
382 3495 447 3549 novi
466 3495 619 3563 quidquam
638 3496 673 3550 de
697 3495 865 3564 excerptoris
885 3494 1034 3548 consilio'
1026 3512 1057 3547 ιιι
1075 3495 1197 3548 medium
1216 3513 1280 3577 pro·

156 3566 289 3620 tulit-
254 3566 422 3632 -'Quod
414 3585 444 3620 ιιι
471 3584 601 3621 versuum
629 3567 664 3631 ΙΙ,
690 3567 715 3632 4,
742 3567 772 3618 ll
795 3585 835 3634 sq.
864 3566 950 3620 titulo
974 3569 1164 3636 excerptorem
1188 3566 1280 3636 prima

157 3654 277 3704 persona
295 3638 338 3692 uti
356 3637 509 3691 arbitratus
528 3641 579 3704 est,
599 3638 679 3706 quasi
698 3656 756 3703 sua,
776 3656 832 3692 non
851 3637 922 3692 alins
941 3640 1041 3707 poe'tae
1060 3638 1146 3692 verba
1159 3637 1279 3703 aderrat,

160 3709 261 3762 mirum
279 3709 309 3762 in
327 3709 441 3763 modum
459 3709 571 3764 ridetur
589 3727 709 3773 errasse;
729 3727 785 3764 non
803 3709 878 3764 enim
900 3710 956 3774 ,De
974 3709 1062 3762 nimio
1077 3708 1139 3764 dico
1158 3709 1279 3775 dolore“,

161 3779 211 3832 sed
218 3781 294 3904 ll,De
312 3781 461 3834 immodico
487 3781 596 3836 dolore¹⁶
627 3751 843 3852 grammaticum
870 3751 951 3834 illirm
979 3780 1122 3850 scripsisse
1149 3781 1209 3835 veri
1237 3751 1280 3835 est

155 3850 225 3903 sinn
248 3871 340 3906 rmum.

250 3922 275 3989 2)
294 3923 392 3977 Veluti
415 3923 449 3988 Il,
476 3923 501 3989 6,
522 3924 554 3976 19
574 3941 614 3991 sq.
644 3942 712 3992 quos
739 3942 834 3979 versus
863 3923 902 3978 sic
928 3926 1113 3978 commutatos
1147 3923 1279 3978 exhibent

155 4012 223 4049 exce
259 3999 305 4050 ta

224 4014 375 4120 ηΙΙίιιΙιειιι
400 4066 483 4120 multi
505 4067 567 4120 leto
586 4067 675 4133 mala,
704 4067 818 4122 credula
841 4067 884 4121 vit
885 4084 931 4120 arn
951 4066 1018 4135 Spes
1037 4067 1114 4121 fovet
1132 4067 1161 4118 et
1179 4064 1278 4118 melius

152 4155 217 4192 cras
237 4139 296 4192 fore
316 4155 425 4207 semper
444 4138 493 4202 ait,
512 4155 563 4207 pro
582 4138 708 4191 codicum
727 4139 862 4193 lectione:
885 4138 963 4203 ,Jam
977 4138 1053 4191 mala
1071 4137 1193 4190 finissem
1212 4134 1278 4199 leto,

151 4211 205 4263 sed
225 4209 381 4264 credulae.
402 4227 427 4277 q.
448 4207 484 4262 s.“
524 4209 565 4274 ll,
585 4209 615 4274 5,
637 4209 669 4260 12
688 4227 738 4282 pro
756 4179 896 4278 Lygdami
920 4227 1015 4263 versu:
1045 4208 1119 4272 ,Nec
1138 4223 1185 4261 eor
1203 4206 1279 4260 solli·

150 4281 249 4335 citant
267 4281 345 4334 facta
370 4280 492 4335 nefanda
510 4250 629 4345 meirm“,
654 4281 727 4336 hanc
750 4281 887 4351 praebent
911 4280 1080 4334 sententiam
1103 4277 1278 4348 generalem.

409 4351 570 4406 Sollicitant
587 4355 684 4422 pectus
703 4353 784 4410 facta
797 4353 919 4406 nefanda
936 4369 1022 4405 reum

1101 4439 1119 4493 2
