3286 4978
564 471 868 576 Ι-57-

197 695 251 764 est,
276 692 351 752 duas
375 709 427 751 nos
450 691 560 751 habere
583 691 746 751 sententias
769 691 901 766 turpiter
924 690 1086 759 conflatas,
1111 688 1216 764 quales
1240 689 1265 747 si
1287 689 1319 746 in

195 781 279 842 libris
302 781 421 857 scriptis
445 783 543 840 essent
566 779 705 850 traditae,
731 781 869 839 omnibus
886 779 1031 842 machinis
1054 778 1157 854 potius
1180 777 1320 836 dirimere

169 878 171 882 '
196 872 363 947 oportebat.

286 977 369 1047 Quae
391 995 437 1036 res
461 975 678 1036 Baehrensium
700 975 818 1046 fefellit,
842 993 900 1034 non
917 974 1032 1034 fefellit
1052 973 1240 1048 Richterum‚
1266 975 1319 1050 qui

196 1067 243 1127 vir
259 1067 364 1126 doctus
387 1066 636 1140 interpretatione
658 1066 715 1124 hoc
731 1064 944 1124 emendationis
968 1083 1040 1123 suae
1064 1063 1175 1122 vitium
1199 1063 1320 1123 studuit

197 1175 342 1218 amovere.
381 1154 523 1229 „inertia
546 1155 657 1231 inquit,
682 1153 797 1228 semper
821 1153 935 1229 aliquid
959 1153 1194 1228 reprehensionis
1218 1153 1318 1224 habet,

196 1249 233 1304 ut
257 1245 283 1304 ei
307 1245 455 1304 obiciatur
488 1244 539 1319 qui
572 1243 662 1303 alicui
693 1243 814 1320 negotio
847 1242 1033 1318 exsequendo
1066 1243 1164 1317 impar
1188 1261 1250 1302 esse
1274 1241 1319 1301 vi·

196 1336 286 1394 detur
309 1333 481 1412 (unfahig);
507 1333 560 1394 cfr.
584 1333 663 1392 infra
687 1352 715 1391 v.
743 1337 797 1396 58:
823 1332 922 1409 segnis
945 1331 1085 1407 inersque
1101 1350 1199 1402 vocer,
1217 1351 1246 1390 v.
1261 1337 1317 1394 71:

195 1425 274 1482 iners
299 1426 389 1483 aetas.
437 1422 546 1498 Itaque
568 1422 647 1482 iners
670 1422 735 1480 vita
758 1422 814 1481 hoc
837 1422 902 1481 loco
927 1421 989 1480 eius
1014 1423 1059 1480 est
1082 1421 1136 1497 qui
1160 1421 1240 1497 quod
1263 1421 1319 1478 mi·

197 1513 295 1572 litiam
319 1513 467 1572 detrectat
491 1515 520 1570 et
543 1512 664 1571 divitias
678 1511 756 1570 bello
772 1513 928 1588 congestas
944 1510 1081 1585 despicit,
1105 1511 1225 1568 nullum
1241 1510 1319 1569 inter

197 1603 275 1665 cives
299 1603 415 1662 obtinet
426 1621 586 1660 numerum
611 1601 671 1678 (ein
694 1600 814 1660 thaten·
838 1601 901 1658 und
916 1600 1084 1658 ruhmloses
1100 1599 1208 1676 leben).
1244 1597 1319 1658 Con·

197 1691 351 1751 iunctivus
383 1694 486 1749 autem
510 1691 674 1766 (traducat)
706 1708 764 1748 non
793 1689 942 1765 optantis,
975 1690 1026 1748 sed
1057 1688 1242 1748 concedentis
1275 1691 1320 1748 est

195 1784 341 1856 ¹totusque
370 1780 453 1839 locus
485 1780 529 1839 ita
561 1779 714 1855 explanari
744 1780 851 1838 debet:
890 1778 993 1837 Patiar
1024 1797 1072 1836 me
1107 1780 1230 1854 propter
1263 1778 1319 1835 mi·

150 1864 157 1874 '
197 1869 281 1929 litiae
297 1869 541 1929 detrectationem
558 1871 588 1928 et
604 1871 813 1945 paupertatem
835 1887 930 1927 meam
953 1867 1016 1926 sine
1039 1886 1142 1926 rerum
1165 1870 1319 1944 gestarum

198 1960 303 2032 laude,
332 1959 395 2017 sine
422 1959 534 2017 honore
563 1962 592 2017 et
615 1958 763 2036 dignitate
787 1959 881 2017 vitam
909 1949 1039 2034 degeres
1060 1956 1221 2015 dummodo
1246 1977 1270 2017 e.
1289 1976 1317 2032 q.

196 2051 260 2124 sq.“
299 2047 347 2107 Sic
378 2051 457 2107 certe
490 2047 622 2122 optimus
654 2047 754 2106 evadit
797 2064 918 2106 sensus:
962 2046 1064 2105 Vitam
1095 2044 1255 2123 ingloriam
1289 2049 1319 2104 et

199 2140 357 2197 obscuram
379 2137 484 2214 degam
508 2155 631 2212 pauper,
656 2136 816 2195 dummodo
848 2135 919 2195 belli
941 2135 1096 2194 laboribus
1119 2153 1233 2194 vacuus
1257 2152 1319 2193 esse

166 2293 167 2296 Ἴ
198 2219 317 2302 possim.
358 2226 401 2284 At
413 2225 550 2301 profecto
567 2226 602 2284 de
614 2245 717 2284 rerum
733 2229 887 2302 gestarum
909 2224 1009 2297 laude,
1033 2225 1070 2282 de
1094 2225 1205 2282 honore
1221 2223 1319 2301 digni-

198 2318 322 2393 tateque
346 2315 424 2376 bello
448 2317 536 2390 parta
567 2314 642 2372 nihil
666 2314 786 2373 omnino
809 2317 898 2390 poeta
930 2313 1122 2391 significavit.
1170 2311 1319 2382 Quidnam

198 2406 281 2464 aliud
305 2405 368 2464 vita
390 2405 443 2462 illa
465 2404 544 2464 iners
568 2407 667 2480 potest
690 2404 827 2481 intellegi
850 2403 907 2462 nisi
938 2404 994 2462 hoc
1021 2403 1106 2478 „viae
1130 2403 1238 2479 longae
1261 2421 1320 2460 non

198 2513 313 2570 semper
336 2494 472 2553 deditum
497 2511 568 2564 esse,
594 2493 644 2552 sed
668 2495 724 2553 sub
749 2493 863 2554 arboris
886 2494 994 2551 umbra
1019 2491 1179 2552 Caniculae
1203 2494 1319 2550 aestum

198 2583 327 2654 vitare“‚
352 2582 528 2659 praesertim
551 2603 620 2642 cum
643 2601 747 2642 versus
771 2583 803 2640 hi
826 2583 1021 2658 praecedant:

411 2699 541 2758 Divitias
565 2699 640 2758 elius
664 2699 748 2758 fulvo
772 2699 830 2758 sibi
852 2702 993 2777 congerat
1017 2719 1089 2758 auro

465 2788 504 2859 Et
527 2792 628 2848 teneat
651 2789 728 2848 culti
750 2789 855 2866 iugera
877 2788 974 2848 multa
997 2788 1062 2862 soli,

413 2876 507 2947 Quam
530 2878 614 2949 labor
638 2878 782 2937 adsiduus
807 2878 903 2937 vicino
927 2880 1039 2938 terreat
1062 2878 1157 2948 hoste,

465 2968 577 3026 Martie
600 2969 649 3027 cui
673 2986 789 3027 somnos
813 2967 934 3027 classica
957 2967 1044 3043 pulsa
1067 2967 1184 3044 fugent,

198 3085 309 3161 quibus
333 3084 469 3145 versibus
494 3084 605 3160 optime
630 3085 831 3160 accurateque
854 3084 1014 3160 respondet
1046 3102 1151 3143 versus
1175 3082 1317 3158 quintus;

198 3194 267 3233 narn
297 3175 426 3250 priorem
459 3174 549 3232 huius
580 3176 696 3248 partem
725 3193 801 3249 quae
835 3177 897 3233 est:
933 3174 999 3248 „Me
1030 3193 1096 3232 mea
1124 3175 1318 3249 paupertas“,

198 3264 294 3339 primo
318 3264 431 3340 elegiae
454 3263 590 3334 disticho,
615 3263 811 3338 posteriorem
827 3263 910 3322 illam
937 3263 1021 3337 „vita
1044 3264 1184 3322 traducat
1205 3261 1315 3321 inerti“

199 3353 327 3412 secundo
360 3353 527 3429 oppositam
561 3371 623 3412 esse
655 3356 799 3427 apparet,
829 3352 944 3411 divitiis
968 3372 1093 3427 parvam
1116 3355 1222 3428 poetae
1245 3369 1317 3424 rem,

198 3443 271 3502 belli
302 3442 455 3502 laboribus
483 3441 615 3501 adsiduis
648 3442 743 3500 vitam
773 3442 908 3501 inertem.
957 3440 1023 3510 Qua
1054 3443 1089 3502 de
1120 3459 1210 3501 causa
1231 3459 1318 3500 nemo

199 3532 252 3608 qui
274 3533 351 3590 hane
375 3531 501 3608 elegiam
524 3532 642 3610 integro
665 3530 820 3606 liberoque
844 3531 942 3590 animo
966 3531 1055 3610 leget,
1080 3532 1206 3591 inertem
1229 3530 1319 3588 istam

198 3621 294 3680 vitam
310 3621 469 3698 ingloriam
485 3625 577 3697 etque
593 3620 750 3680 obscuram
770 3620 962 3696 interpretari
979 3621 1101 3697 poterit,
1126 3622 1177 3681 sed
1193 3620 1318 3680 otiosam

199 3714 319 3770 tantum
342 3711 476 3786 bellique
499 3710 679 3770 intineribus
702 3710 800 3783 longis
823 3729 960 3769 vacuam.

289 3817 331 3876 At
354 3817 464 3876 dixerit
498 3816 565 3892 quis
597 3836 700 3878 vocem
731 3837 808 3893 quae
836 3820 881 3876 est
907 3817 1055 3892 „possim“
1090 3817 1218 3892 maxime
1251 3836 1317 3891 pre-

199 3907 337 3967 mendam
362 3907 450 3966 etde
474 3906 618 3966 Messalae
641 3907 836 3967 contubernio
861 3925 923 3966 esse
946 3907 1148 3985 cogitandum.
1184 3904 1241 3965 Sed
1263 3905 1318 3964 hoc

199 3997 223 4056 si
248 3996 410 4074 significari
434 3995 578 4055 voluisset
610 3999 708 4070 poeta,
734 4015 791 4056 non
819 3996 998 4071 „dummodo
1021 3996 1164 4072 possim“,
1196 3995 1247 4054 sed
1274 3993 1318 4067 „si

199 4087 305 4145 modo“
332 4086 460 4146 scribere
483 4103 600 4144 necesse
622 4084 698 4157 fuit3
730 4105 827 4161 neque
857 4106 910 4162 per
941 4081 970 4145 v.
998 4091 1038 4150 53
1062 4103 1126 4162 sqq.
1160 4084 1202 4144 sic
1225 4083 1317 4142 inter-

200 4176 311 4252 pretari
335 4176 416 4240 licet.
464 4174 632 4234 Reieiamus
665 4175 760 4252 igitur
783 4175 956 4235 Baehrensii
979 4173 1174 4249 Richterique
1202 4173 1317 4233 coniec-

199 4272 300 4326 turam
322 4269 428 4342 utpote
453 4285 530 4340 quae
553 4264 674 4324 minime
698 4265 735 4323 ad
758 4266 833 4324 hano
856 4264 1035 4324 sententiam
1057 4263 1097 4323 sit
1121 4266 1201 4340 apta.

289 4355 465 4416 Emendatio
489 4375 559 4415 vero
588 4373 622 4413 aa
646 4374 737 4430 quam
768 4354 918 4414 Lucienus
942 4354 1069 4413 Mueller
1092 4352 1197 4412 Haasii
1219 4353 1317 4410 trans·
