3286 4978
643 417 862 477 ..55-

191 593 395 662 offenderunt,
429 610 552 668 prorsus
576 593 618 652 eis
642 592 792 651 tollantur
815 609 913 667 neque
936 590 1100 667 quidquam
1125 590 1208 661 novi,
1234 591 1314 666 quod

191 683 337 742 offendere
361 682 464 756 possit,
488 686 594 757 poetae
619 682 798 758 assignetur.

123 866 126 872 Ι
280 787 337 846 Sed
361 790 464 847 extant
486 787 544 848 loci
573 787 710 846 nonnulli
734 787 786 863 qui
809 787 877 846 inde
909 808 926 845 a
950 787 1095 866 Scaligeri
1126 789 1313 893 temporibus

190 879 296 935 utrum
311 881 391 936 recte
406 896 437 936 se
453 878 583 937 habeant
602 897 638 936 an
663 876 821 952 particulis
845 877 1026 952 quibusdam
1049 877 1188 936 carminis
1212 881 1309 936 trans-

190 967 332 1042 ponendis
356 967 478 1025 sanandi
501 967 577 1037 sint,
613 966 745 1026 homines
769 966 848 1025 docti
871 966 1085 1041 disputarunt,
1119 985 1216 1042 neque
1240 967 1313 1025 dum

191 1055 265 1114 certi
288 1055 454 1132 quidquam
476 1059 630 1132 repertum
654 1057 708 1114 est.
744 1053 788 1112 Ex
812 1055 923 1130 quibus
947 1075 1057 1132 paucos
1082 1056 1193 1130 quibus
1217 1055 1313 1114 Baeh-

189 1144 306 1203 rensins
321 1163 418 1220 nuper
433 1145 617 1205 traiectionis
629 1143 795 1204 remedium
812 1144 955 1215 admovit,
973 1145 1085 1204 iterum
1097 1163 1312 1208 recenseamus,

191 1231 351 1292 Ordiamur
374 1252 391 1291 a
414 1235 509 1293 totius
540 1234 634 1294 libelli
658 1233 821 1293 Tibulliani
845 1233 974 1294 carmine
997 1235 1112 1309 primo,
1146 1234 1226 1309 quod
1250 1253 1312 1292 om-

190 1323 274 1381 nium
298 1323 468 1399 saepissime
491 1324 549 1382 viri
572 1323 652 1383 docti
675 1324 893 1382 tractaverunt.

638 1503 663 1576 Ι,
692 1509 719 1573 1,
748 1507 862 1567 1-40.

279 1616 351 1676 Post
367 1617 533 1676 Antonium
549 1618 696 1694 Vulpium
712 1618 765 1695 qui
781 1618 828 1677 vir
844 1619 951 1677 doctus
968 1617 1130 1693 pristinum
1146 1617 1312 1676 carminum

190 1704 430 1766 Tibullianorum
462 1708 595 1767 ordinem
627 1710 663 1767 ab
694 1707 724 1766 J.
749 1707 779 1765 J.
816 1705 997 1784 Scaliger0¹)
1029 1725 1145 1765 summa
1176 1726 1242 1765 cum
1275 1706 1312 1764 li·

190 1795 286 1853 centia
316 1798 492 1858 turbatum.
525 1797 555 1854 in
587 1797 740 1874 integrum
772 1796 965 1867 restituerat,
999 1796 1115 1870 primus
1143 1794 1313 1854 Fridericus

191 1883 355 1961 Haasius2)
380 1886 456 1945 hanc
480 1886 516 1944 de
540 1905 601 1961 qua
624 1886 810 1960 disputaturi
841 1904 946 1944 sumus
978 1885 1048 1944 libri
1071 1884 1161 1961 primi
1184 1885 1310 1962 elegiam

191 1974 326 2032 versibus
349 1975 578 2050 transponendis
608 1976 770 2034 sanandam
800 1993 863 2034 esse
894 1975 1009 2034 censuit
1032 1991 1201 2050 novamque
1225 1973 1311 2032 disti·

190 2063 314 2122 chorum
337 2065 494 2140 proposuit
517 2064 752 2135 collocationem,
778 2083 868 2139 quam
893 2064 1014 2139 quidem
1036 2063 1188 2122 Lucianus
1212 2063 1309 2121 Muel-

189 2152 270 2210 lerus
294 2152 324 2210 in
349 2153 509 2213 editionem
532 2172 618 2212 suam
634 2153 749 2212 Tibulli
763 2152 894 2228 recepit3
919 2153 1024 2212 deinde
1040 2152 1090 2210 via
1112 2151 1203 2210 semel
1226 2155 1311 2226 pate·

188 2241 270 2300 facta
293 2242 351 2300 viri
374 2243 454 2302 docti
477 2243 553 2302 hanc
577 2243 783 2319 quaestionem
806 2241 944 2302 certatim
961 2241 1094 2319 aggressi
1119 2241 1197 2300 alius
1221 2241 1311 2300 aliam

190 2349 332 2390 versuum
344 2332 626 2391 transmutationem
639 2332 932 2404 commendaverunt,
946 2332 1032 2390 velut
1040 2328 1074 2389 Ο.
1085 2327 1310 2404 Ribbeckius³),

190 2419 227 2477 Α.
257 2419 441 2495 Prienius⁴)‚
479 2422 514 2482 a.
548 2419 754 2497 Richterus⁵)‚
790 2421 875 2480 Aem.
901 2418 1145 2499 Baehrensiusss),
1178 2423 1215 2479 ut
1249 2419 1309 2478 iam

190 2509 493 2584 quampotissimum
523 2510 701 2570 sententiam
724 2512 847 2585 probes,
880 2509 1019 2569 dubitare
1048 2509 1152 2584 possis.
1199 2508 1309 2578 Quam·

190 2599 291 2657 obrem
309 2599 446 2674 equidem
466 2599 510 2658 ita
526 2600 601 2658 hauc
617 2600 851 2674 disputationem
866 2599 1036 2670 instituam,
1060 2601 1097 2656 ut
1120 2616 1177 2657 non
1201 2616 1310 2657 novam

189 2687 322 2762 aliquam
344 2688 376 2745 in
398 2688 530 2746 medium
553 2688 703 2764 proferam
719 2688 895 2764 opinionem,
920 2689 970 2748 sed
986 2693 1023 2747 ut
1044 2707 1078 2747 ea
1093 2691 1214 2746 tantum
1231 2707 1309 2764 quae

190 2775 221 2832 in
244 2777 379 2835 virorum
403 2777 559 2836 doctorum
591 2795 734 2836 versuum
764 2777 991 2837 traiectionibns
1023 2777 1189 2848 offendant,
1218 2795 1309 2854 quarn

189 2868 294 2940 potero
318 2866 513 2942 apertissime,
538 2866 690 2941 explicem.

279 2981 354 3041 Cum
378 2986 479 3042 autem
503 3002 551 3042 eas
575 3000 650 3059 quas
674 2981 804 3042 Haasius
820 2982 1064 3057 Ribbeckiusque
1087 2986 1309 3058 proposuerunt

188 3072 456 3132 transmutationes
472 3072 632 3131 Richterus
649 3091 777 3146 eumque
800 3074 922 3131 secutus
938 3071 1136 3130 Baehrensins
1147 3070 1171 3146 7)
1195 3072 1309 3147 optimo

188 3159 254 3220 iure
289 3163 360 3222 adeo
392 3162 567 3236 reciderint,
602 3164 638 3220 ut
668 3161 745 3219 nihil
776 3161 834 3220 nisi
865 3179 970 3220 versus
1003 3161 1079 3220 alter
1111 3161 1180 3220 inde
1208 3182 1225 3220 a
1250 3161 1308 3225 25⁰

280 3388 306 3455 1)
325 3390 384 3444 Cat.
413 3390 473 3445 Tib.
500 3391 581 3459 Prop.
606 3407 690 3459 opera
713 3390 808 3443 omnia
833 3405 905 3457 quac
930 3392 1036 3444 extant.
1074 3390 1143 3444 Cum
1168 3390 1309 3444 variorum

188 3462 310 3518 virorum
329 3461 544 3527 commentariis,
563 3461 677 3515 Parisiis
698 3461 774 3516 1604.
1205 3492 1209 3500 ·

278 3557 305 3624 2)
324 3558 409 3612 index
427 3559 490 3613 lect.
510 3559 608 3613 aestiv.
627 3559 747 3614 univers.
766 3557 918 3613 Vratislav.
939 3557 1017 3624 1855,
1037 3577 1085 3629 pg.
1106 3558 1139 3613 10
1159 3577 1218 3628 sqq.

277 3655 304 3723 3)
323 3656 408 3711 index
426 3657 511 3711 schol.
529 3657 605 3712 univ.
624 3656 757 3712 Kielieus.
778 3655 856 3711 1861.

276 3754 303 3822 4)
322 3755 495 3810 Fleckeiseni
513 3757 606 3810 annal.
626 3757 680 3810 vol.
700 3756 774 3821 XVI,
795 3754 872 3821 1870,
891 3774 939 3826 pg.
959 3754 1011 3808 689
1030 3773 1091 3824 sqq.

277 3853 304 3921 5)
323 3855 364 3908 De
383 3854 460 3908 Albii
478 3854 584 3908 Tibulli
606 3855 696 3909 tribus
721 3855 819 3925 primis
844 3854 1013 3909 carminibus
1032 3855 1195 3925 disputatio,
1214 3873 1308 3925 progr.

188 3943 315 3996 gymnas.
335 3926 464 3980 Zwickau
484 3925 560 3980 1813.

278 4022 305 4090 6)
325 4024 497 4079 Tibullische
515 4024 628 4090 blbtter,
647 4043 693 4094 pg.
714 4023 748 4077 63
768 4042 827 4093 sqq.

278 4120 304 4188 7)
323 4122 372 4175 cfr.
398 4121 459 4177 Tib.
488 4123 592 4178 blatter
616 4141 663 4192 pg.
684 4122 733 4175 67:
758 4122 848 4177 Sumit
875 4122 1007 4176 crweiseu
1032 4122 1091 4176 sich
1120 4122 1166 4176 dic
1190 4122 1308 4193 fibrigen

188 4196 389 4263 umsctzungen
408 4193 528 4259 Haases,
554 4211 625 4264 ganz
654 4192 812 4263 abgesehcn
837 4194 942 4260 daron,
961 4193 1024 4250 dass
1044 4192 1084 4250 sie
1103 4194 1230 4252 archan
1249 4195 1308 4252 sich

187 4265 350 4336 unmoglich
369 4265 440 4332 sind,
460 4266 501 4320 als
521 4264 693 4336 iiberflitssig.
