3286 4978
634 463 853 522 ..37-

180 638 326 714 profectas
358 655 421 696 esse
451 635 591 695 tradant:
625 635 666 710 H,
695 642 722 710 l,
750 641 810 701 66:
846 636 963 712 pectine
996 637 1056 697 toln
1079 640 1167 697 sonat
1190 640 1304 698 -tela

182 729 267 787 sonat
289 728 381 786 latere
405 724 440 784 Ο.
478 724 517 796 lI,
544 730 573 795 6,
599 730 659 789 20:
683 726 790 785 melius
815 744 880 785 cras
905 725 968 787 fore
991 745 1107 803 semper
1131 727 1183 801 ait,
1209 747 1302 804 quam

180 818 337 876 lectionem
361 815 452 874 etiam
476 815 507 872 in
531 814 673 874 Parisinis
697 815 867 874 invenimus
887 815 1007 874 -fore
1031 835 1095 875 cras
1119 834 1235 893 semper
1260 818 1303 878 ait

178 906 287 966 melius
311 905 347 964 O.

268 1010 351 1080 Quas
381 1028 450 1068 vero
481 1027 562 1068 unus
593 1005 628 1066 A¹
652 1011 732 1069 recte
765 1009 885 1069 exhibet
916 1011 1074 1083 lectiones,
1106 1013 1303 1088 paucissimae

177 1102 253 1159 sunt
279 1103 373 1175 atque
395 1098 482 1157 etiam
505 1100 542 1157 ab
568 1099 609 1158 ais
633 1099 686 1175 qui
709 1119 770 1158 una
794 1118 861 1157 cum
878 1099 1068 1161 Lachmanno
1091 1102 1177 1162 libris
1200 1102 1228 1160 Α
1243 1103 1267 1160 Β
1282 1103 1303 1162 (l

178 1189 321 1265 singulas
356 1187 483 1246 codicum
519 1187 627 1248 classes
666 1188 882 1264 repraesentari
917 1193 1054 1261 censent,
1093 1191 1304 1268 interpolatori

181 1277 369 1336 tribuendae.
409 1277 519 1347 Quodsi
534 1278 570 1337 de
586 1278 720 1338 codicum
737 1277 885 1337 affinitate
902 1297 1090 1354 quaeremus,
1112 1281 1165 1340 has
1181 1300 1303 1356 prorsus

183 1367 355 1426 debebimus
374 1367 531 1444 neglegere
554 1387 652 1443 neque
675 1367 752 1426 ullas
776 1367 921 1443 respicere
944 1368 1001 1427 nisi
1026 1388 1074 1428 eas
1099 1371 1209 1447 quibus
1233 1372 1303 1430 libri

183 1452 218 1512 ΑΙ
242 1457 272 1514 et
295 1455 354 1534 0¹)
388 1458 492 1515 contra
522 1456 669 1520 familiam
691 1456 719 1514 Y
750 1457 930 1532 conspirant.
979 1456 1036 1516 Sed
1069 1460 1161 1518 etiam
1192 1480 1226 1519 ex
1257 1460 1303 1519 his

179 1548 280 1603 nostro
295 1545 362 1603 iure
377 1545 442 1604 illas
459 1546 744 1621 praetermittemus,
769 1564 844 1622 quas
860 1547 891 1605 in
908 1546 1006 1607 codiee
1023 1547 1158 1608 Parisino
1183 1568 1303 1626 quoque

175 1635 361 1710 reperimus,
396 1635 537 1710 quoniam
561 1635 641 1696 sicut
663 1635 695 1693 in
717 1637 790 1706 hoc,
823 1636 868 1694 ita
900 1637 992 1696 etiam
1015 1637 1046 1695 in
1078 1639 1183 1697 ceteris
1207 1637 1303 1698 Lach-

176 1724 344 1782 mannianis
377 1743 426 1783 eas
460 1725 630 1784 alibrariis
663 1729 810 1784 correctas
840 1744 901 1784 esse
933 1726 997 1785 veri
1029 1729 1073 1785 est
1104 1727 1300 1787 simillimum.

177 1812 287 1888 Itaque
317 1814 520 1891 quadraginta
551 1833 602 1874 sex
633 1815 841 1893 tantummodo
865 1815 923 1874 loci
954 1818 1088 1887 restant,
1122 1817 1158 1876 de
1189 1817 1301 1893 quibus

178 1901 265 1961 nobis
288 1902 344 1962 erit
368 1903 535 1980 agendum:

905 2042 941 2105 A¹
953 2045 974 2104 0

737 2173 792 2213 neo
816 2154 933 2231 (prave)

738 2245 806 2302 tum
920 2283 922 2287 ,

738 2334 810 2391 dnm
834 2334 926 2410 (recte
950 2353 1020 2394 cum
1044 2333 1082 2410 G)

738 2421 778 2481 Et
802 2425 907 2499 (prave
930 2443 999 2483 cum
1023 2422 1061 2499 G)

738 2516 824 2571 motu
849 2515 942 2588 (recte
966 2532 1034 2573 aum
1058 2511 1097 2594 G)

738 2601 870 2681 amens2)
896 2604 1002 2684 (recte,
1027 2603 1078 2662 sed
1102 2603 1139 2661 ab

172 2686 390 2763 interpolatore
415 2690 621 2761 emendatum,
655 2689 686 2748 id
710 2691 791 2766 quod
819 2710 854 2749 ex
878 2690 1014 2750 codicum
1036 2691 1068 2749 iu
1092 2691 1191 2752 verbis
1215 2693 1298 2749 ante-

172 2777 349 2838 cedentibus
373 2779 579 2854 disorepantiis
603 2782 743 2855 apparet:
777 2775 828 2838 A¹:
853 2797 922 2850 non,
949 2799 979 2840 e:
1011 2799 1065 2840 nec
1089 2783 1128 2853 et,
1153 2782 1214 2840 dc:
1239 2798 1299 2838 non

174 2867 215 2940 a,
241 2869 324 2942 (eam
347 2865 410 2950 0)).

360 2979 389 3048 8,
419 2979 475 3038 14:
500 2975 583 3034 arata
738 2971 837 3050 arte³l
862 2973 979 3050 (prave)

359 3069 389 3138 9,
414 3069 472 3128 35;
499 3064 626 3140 eriperet
738 3063 874 3156 eriperes*
890 3066 982 3142 (recte
1005 3085 1074 3124 cum
1098 3064 1137 3142 G)

265 3311 292 3378 1)
310 3313 460 3382 Perperam
479 3313 668 3383 compluribus
686 3313 754 3367 locis
775 3313 809 3367 de
829 3312 931 3366 codicis
951 3312 971 3366 Ο
997 3313 1136 3383 scriptura
1161 3314 1298 3370 indicasse

174 3381 245 3435 mihi
263 3384 375 3439 videtur
392 3385 604 3450 Rotbsteinius,
631 3402 694 3439 oum
713 3402 782 3452 quas
801 3383 831 3437 in
851 3384 960 3438 duobus
979 3384 1114 3438 librorum
1132 3404 1147 3440 o
1166 3387 1184 3439 d
1203 3404 1218 3441 e
1236 3406 1298 3458 rap-

173 3454 249 3523 perit
267 3456 401 3511 lectiones
421 3461 515 3527 aptas,
541 3457 591 3510 has
610 3456 641 3510 in
659 3456 709 3509 illo
729 3454 871 3521 extitisse,
896 3473 998 3525 pravas
1024 3455 1055 3510 in
1079 3457 1163 3510 tertio
1188 3458 1297 3512 oblatas

174 3527 289 3582 aliunde
307 3529 411 3598 petitas
432 3547 490 3583 asse
509 3531 630 3599 putaret.
668 3528 707 3580 At
724 3527 882 3595 ubicunque
907 3545 978 3581 unus
999 3544 1032 3583 ex
1051 3528 1192 3582 codicibus
1212 3547 1226 3583 c
1245 3531 1263 3584 d
1283 3549 1297 3585 e

173 3616 263 3668 prava
288 3600 427 3670 scriptura
453 3618 516 3654 oum
540 3599 649 3654 familia
674 3599 700 3652 Y
719 3597 875 3668 conspirat,
902 3599 931 3652 in
957 3599 1073 3668 reliquis
1101 3600 1208 3654 duobus
1234 3619 1297 3656 oon·

174 3671 282 3725 iectura
300 3689 396 3726 verum
415 3672 561 3726 inventum
572 3689 630 3726 esse
649 3670 835 3726 certissimum
855 3673 911 3735 est3
930 3687 1012 3725 nemo
1025 3671 1100 3725 enim
1116 3675 1176 3726 tam
1194 3675 1297 3729 stultus

175 3759 235 3797 esse
253 3744 347 3813 potuit
364 3747 397 3798 ut
415 3744 486 3826 tales
506 3744 639 3836 lectiones
658 3741 1297 3866 in.⁰xe¹¹}l³{l³¹rifluffngnleglanlfflffl⁸u¹ffesel¹

174 3813 319 4014 {tritiigd}
334 3818 503 4013 epipppepasst:
524 3815 859 3957 epllrplraslnilitlalopesll
887 3856 922 3952 ll,
942 3856 967 3952 5’,
986 3856 1036 3939 47':
1054 3833 1078 3940 ce
1091 3833 1223 3952 ,ppppphnsr‘
1245 3835 1296 3959 iiii

178 3978 224 4024 ,ru
240 3977 419 4024 u1s,a1as.

264 4061 291 4128 2)
311 4063 370 4118 Hoc
389 4064 450 4116 loeo
469 4061 673 4116 aLachmanno
685 4060 716 4114 in
734 4063 874 4130 apparatu
890 4060 988 4116 critico
1003 4063 1126 4115 erratum
1146 4079 1213 4128 esse,
1232 4081 1295 4118 cum

174 4135 304 4190 Heinsius
323 4153 373 4205 pro
393 4133 495 4189 codicis
514 4131 546 4185 A¹
565 4131 685 4186 lectione
711 4132 842 4186 exhibeat
863 4149 933 4197 ,nou
960 4136 990 4187 et
1008 4131 1131 4198 amans“,
1150 4134 1187 4189 M.
1207 4136 1295 4190 Roth-

174 4207 291 4262 steiuins
310 4226 356 4277 pg.
375 4206 410 4259 40
429 4207 574 4260 memorat.

265 4309 293 4377 3)
311 4312 353 4368 De
371 4312 473 4368 codicis
492 4309 524 4365 Α1
545 4310 683 4380 scriptura
701 4309 815 4364 dubitat
831 4310 1033 4367 Rothsteinius.
