3286 4978
528 1189 534 1196 ’
616 1271 618 1278 ,
721 1193 1091 1308 cueuremuuu.

219 1369 223 1376 ’
321 1441 325 1450 .
396 1385 442 1461 De
470 1385 715 1464 uetustioribus
743 1386 926 1464 carminum
955 1385 1225 1462 Tibullianorum
1253 1387 1415 1465 fontibus.

678 1573 702 1626 1.
721 1571 763 1626 De
781 1571 951 1640 fragmento
969 1570 1135 1627 Guiaclano.

433 1695 651 1774 Fragmentum
672 1697 728 1757 hoc
751 1700 962 1774 pervetustum
979 1697 1059 1772 quod
1075 1696 1162 1756 hodie
1178 1696 1301 1772 periisse
1323 1697 1467 1770 dolemus,

343 1785 373 1844 J.
397 1785 427 1847 J.
444 1784 577 1864 Scaliger
601 1805 670 1844 curn
693 1787 853 1862 exemplari
877 1787 1007 1862 quodam
1032 1786 1170 1846 editionis
1193 1785 1404 1846 Plautinianae
1427 1787 1470 1845 ita

345 1875 474 1939 contulit
489 1878 526 1934 ut
542 1876 694 1952 graviores
710 1877 920 1935 tantummodo
937 1877 1099 1936 lectionum
1115 1875 1278 1935 varietates
1290 1876 1320 1933 in
1334 1877 1469 1954 margine

345 1964 508 2024 ascriberet
531 1964 702 2040 litterisque
727 1964 772 2024 GC
796 1965 988 2043 significaret.
1035 1965 1131 2035 Quam
1162 1965 1351 2024 collationem
1375 1964 1469 2025 Lach-

344 2073 471 2113 mannus
496 2073 531 2112 er
554 2053 697 2132 Scaligeri
722 2055 819 2114 solum
843 2055 1093 2132 castigationibus
1117 2053 1294 2129 Heinsiique
1323 2055 1470 2131 excerptis

345 2145 538 2222 cognoverat,
562 2144 648 2202 nobis
671 2144 768 2220 ipsam
792 2145 830 2202 ad
853 2144 985 2203 carmina
1007 2143 1189 2203 emendanda
1214 2143 1355 2204 adhibere
1378 2145 1467 2216 licet;

345 2237 427 2293 extat
445 2233 523 2292 enim
539 2234 690 2310 exemplar
705 2233 782 2292 illud
798 2233 1023 2312 Scaligeranum
1046 2233 1077 2290 in
1101 2233 1281 2292 bibliotheca
1304 2234 1470 2294 academiae

343 2321 643 2401 Lugduno·Batavae
678 2323 757 2383 inter
780 2323 873 2382 libros
896 2323 990 2399 Lipsii
1014 2328 1047 2381 n⁰
1065 2327 1105 2386 59
1121 2324 1155 2397 ¹),
1188 2325 1224 2380 ut
1248 2323 1284 2381 de
1307 2323 1467 2400 fragment'

343 2405 426 2472 illius
449 2411 607 2487 scripturis
631 2412 722 2488 paulo
746 2412 872 2472 certiora
896 2432 987 2488 quam
1010 2411 1202 2472 Lachmanno
1225 2413 1367 2491 contigit,
1393 2413 1466 2472 scire

344 2520 501 2578 possumus,
1446 2577 1448 2582 Ι

435 2590 589 2650 Ouiaciani
600 2589 795 2667 praestantia,
812 2611 873 2667 qua
883 2591 973 2669 longe
984 2594 1107 2667 superat
1118 2591 1304 2666 reliquorum
1321 2591 1467 2651 librorum

346 2682 565 2756 archetypum,
597 2680 710 2738 totiens
734 2684 878 2756 apparet,
903 2683 939 2739 ut
962 2685 1142 2758 argumenta
1165 2682 1293 2741 dilatare
1317 2681 1404 2757 plane
1428 2682 1468 2740 sit

345 2789 611 2847 supervacaneum.
646 2769 762 2829 Paucas
785 2770 839 2830 has
863 2769 1005 2833 lectiones
1030 2791 1106 2847 quae
1130 2790 1226 2846 neque
1250 2771 1286 2829 ab
1311 2771 1368 2830 alio
1390 2771 1467 2829 libro

346 2862 530 2936 praebentur
552 2878 649 2935 neque
674 2878 709 2918 ex
732 2860 867 2920 codicum
884 2861 1040 2937 scripturis
1065 2860 1236 2920 coniectura
1259 2859 1397 2933 quamvis
1420 2859 1465 2916 in-

347 2949 468 3028 geniosa
484 2951 651 3027 potuerunt
665 2949 798 3024 restitui,
814 2950 851 3008 ut
866 2951 960 3008 omnis
974 2949 1124 3009 dubitatio
1141 2950 1341 3018 removeatur,
1363 2948 1467 3006 afferre

345 3039 419 3098 satis
443 3039 500 3098 erit
511 3036 547 3120 2).

434 3128 491 3200 111,
517 3133 547 3199 4,
574 3131 614 3190 79
639 3145 682 3202 sq.
708 3126 913 3204 fragmentum
936 3126 960 3184 F
984 3128 1122 3202 praebet:

528 3216 593 3276 Hoc
615 3216 674 3276 tibi
698 3216 874 3294 coniugium
897 3215 1049 3291 promittit
1071 3216 1176 3275 Delius
1199 3216 1279 3290 ipse:

575 3305 659 3363 Felix
681 3305 738 3364 hcc
760 3306 853 3364 aliurn
877 3305 976 3365 desine
999 3306 1076 3366 velle
1099 3305 1209 3376 virum,

347 3416 438 3474 quam
460 3396 619 3456 lectionem
643 3395 699 3454 etsi
723 3395 754 3453 in
776 3394 1025 3472 interpretatione
1048 3395 1127 3454 inter
1150 3412 1180 3454 se
1204 3393 1387 3452 dissentiunt
1410 3393 1468 3453 viri

345 3487 435 3558 docti,
461 3503 561 3545 omnes
585 3489 686 3545 tamen
709 3504 811 3544 veram
832 3504 1064 3564 germanamque
1087 3483 1238 3555 iudicant3
1263 3483 1332 3543 libri
1355 3483 1466 3543 nostri:

344 3577 428 3635 Felix
453 3596 486 3636 ac
510 3596 534 3638 e.
560 3595 588 3650 q.
614 3593 636 3633 s.

344 3725 558 3736 ...-.-.---—-·-

437 3803 463 3871 1)
482 3805 670 3875 Disputarunt
680 3804 715 3858 de
731 3803 784 3857 hoc
800 3804 871 3857 libro
886 3802 1049 3872 Heinsiique
1059 3802 1227 3857 testimoniis
1240 3803 1268 3858 O.
1280 3803 1317 3857 M.
1331 3801 1467 3857 Francke-

344 3878 406 3931 nius
426 3875 584 3946 (verelagen
593 3894 629 3931 en
642 3875 877 3945 mededeelingen
886 3876 936 3930 der
944 3875 1120 3944 koninglijlre
1131 3875 1278 3930 aladernie
1296 3893 1352 3929 van
1361 3876 1464 3926 weten-

344 3951 467 4018 schapen
483 3948 507 4002 X
526 3967 553 4017 p.
564 3947 599 4001 33
614 3945 686 4017 sqq.)
706 3947 889 4002 etEduardus
900 3947 1022 4001 Hillerus
1042 3947 1083 4013 (in
1100 3947 1188 4001 musei
1204 3947 1292 4002 Rhen.
1312 3946 1365 3999 vol.
1377 3943 1465 3996 XXIX

344 4040 391 4091 ns·
410 4021 445 4073 97
464 4038 524 4089 squ·

434 4115 461 4185 2)
481 4117 610 4172 Pluribus
630 4117 664 4171 de
683 4117 727 4170 his
746 4116 814 4171 locis
825 4116 981 4187 disputavit
999 4115 1036 4170 M.
1047 4116 1240 4171 Rothsteinius
1259 4115 1289 4167 in
1307 4112 1404 4167 libello
1418 4130 1467 4166 suo

345 4191 379 4245 de
399 4189 505 4243 Tibulli
524 4189 673 4254 codicibus,
692 4189 815 4243 Berolini
834 4207 858 4242 a.
872 4187 940 4242 1880
959 4189 1067 4254 emisso,
1087 4205 1170 4256 quem
1188 4185 1385 4250 tuncdernum,
1404 4203 1466 4239 cum

344 4263 401 4317 iam
419 4261 492 4316 hanc
511 4261 737 4315 dissertationem
755 4277 862 4314 summo
881 4260 1109 4331 philosophorum
1127 4257 1355 4326 Friburgensiunr
1376 4256 1466 4310 ordini

345 4333 560 4388 examinandam
579 4333 758 4397 subieceram,
777 4332 846 4386 mihi
865 4333 895 4386 in
913 4350 1012 4387 manus
1031 4331 1189 4400 pervenisse
1208 4329 1296 4383 doleo.
