3286 4978
807 439 1024 498 -44-

355 613 484 673 vetustis
508 613 658 672 codicibus
693 615 722 672 et
745 611 887 670 videntur
910 613 946 673 de
969 613 1110 673 inferiore
1139 614 1357 693 epigrammate
1380 618 1476 678 incul-

355 701 413 762 cati
446 701 538 761 fuisse
569 701 599 759 in
633 701 723 760 huius
754 700 866 778 elegiae
897 701 985 762 finem
1015 724 1068 780 per
1097 722 1226 764 errorem
1250 703 1475 766 librariorum“.

354 791 492 866 Utraque
523 791 599 849 enim
630 790 783 850 adnotatio
816 792 947 866 quadrat
978 794 1008 851 in
1038 794 1168 853 codicem
1192 792 1475 872 Guelferbytanum,

354 880 407 956 qui
442 880 540 955 priore
575 880 639 940 loco
674 880 736 940 litt.
770 881 893 941 maiusc.
930 886 1013 942 rubr.
1049 884 1185 943 exhibet:
1226 885 1328 958 „Albii
1362 885 1476 944 Tibulli

353 972 459 1044 poetae
481 969 610 1028 illustris
634 970 670 1028 de
694 971 846 1029 amoribus
870 972 994 1030 nemesis
1017 972 1094 1032 liber
1116 973 1179 1044 II“,
1204 978 1271 1048 post
1294 973 1351 1048 ΙΙΙ,
1377 980 1406 1046 6,
1434 979 1475 1038 64

353 1061 455 1116 autem
478 1060 580 1117 stetim
604 1059 732 1118 subicit:
770 1058 871 1133 „Albii
903 1061 958 1121 tib.
984 1060 1019 1119 de
1050 1061 1193 1121 laudibus
1216 1064 1359 1124 messalae
1382 1084 1475 1140 pana-

353 1147 504 1224 girieus“;
529 1151 632 1206 contra
656 1149 747 1208 ceteri
782 1148 850 1207 libri
885 1166 985 1207 omnes
1021 1149 1146 1226 elegiam
1181 1151 1266 1210 illam
1297 1152 1391 1228 „Quis
1415 1154 1475 1212 fuit

353 1240 429 1299 etc.“
463 1239 545 1297 recte
575 1239 672 1312 primo
706 1238 782 1296 libro
812 1237 972 1308 tribuunt,
1005 1257 1074 1294 cum
1106 1239 1236 1298 carmine
1270 1261 1340 1301 vero
1371 1242 1429 1313 ΙΙΙ,
1455 1248 1473 1306 6

353 1326 537 1403 epigramma
561 1326 615 1398 IV,
644 1332 682 1390 12
707 1326 904 1402 coniungunt.

440 1414 542 1474 Prima
575 1418 676 1474 autem
708 1414 815 1475 codicis
847 1413 1077 1488 Guelferbytani
1109 1431 1214 1472 manus
1250 1419 1363 1490 quanto
1394 1418 1474 1477 inter

352 1505 519 1564 ceterorum
556 1505 691 1564 codicum
729 1503 931 1563 recentiorum
967 1521 1089 1580 gregem
1129 1502 1253 1562 excellat
1284 1504 1471 1580 integritate,

351 1611 442 1669 supra
467 1593 542 1670 ieap.
567 1592 608 1663 Il,
635 1597 650 1667 ἓ
680 1599 693 1658 l
721 1595 751 1652 et
776 1595 806 1664 2)
838 1592 1011 1666 docuimus,
1041 1592 1096 1652 ubi
1128 1612 1193 1652 eam
1216 1611 1314 1668 neque
1337 1593 1402 1650 ulla
1426 1594 1470 1650 la·

351 1701 497 1742 cunarum
528 1683 735 1758 supplementa
767 1681 962 1757 suppositicia
993 1685 1153 1758 praebere,
1185 1685 1215 1741 et
1238 1682 1375 1758 plurimis
1398 1682 1470 1742 locis

350 1773 443 1831 bonas
475 1772 538 1831 sive
567 1773 675 1832 codicis
707 1771 897 1832 Ambrosiani
927 1773 990 1831 sive
1024 1771 1163 1831 Vaticani
1196 1772 1336 1832 lectiones
1368 1774 1471 1831 contra

350 1861 474 1920 alterius
498 1862 573 1922 vitia
596 1861 752 1921 defendere
771 1861 1053 1920 demonstravimus.
1092 1859 1219 1920 Etiamsi
1234 1862 1331 1939 igitur
1347 1861 1470 1921 alterius

350 1950 479 2010 familiae
494 1952 650 2029 progenies
666 1969 724 2010 non
749 1955 835 2024 esset,
860 1953 959 2010 temen
983 1950 1013 2008 in
1038 1949 1221 2009 carminibus
1245 1950 1359 2010 Tibulli
1382 1951 1470 2010 resti·

298 2089 300 2097 ,
350 2040 470 2099 tuendis
504 2042 631 2100 codicem
665 2041 744 2100 hunc
775 2043 933 2116 oportebat
965 2039 1115 2099 adhibere.
1163 2037 1219 2098 Sed
1251 2059 1330 2099 nunc
1353 2041 1469 2098 tantam

350 2129 533 2204 optimarum
564 2130 727 2189 lectionum
760 2129 988 2189 multitudinem
1025 2127 1132 2198 tradit,
1173 2147 1250 2204 quae
1288 2128 1318 2186 in
1357 2128 1470 2186 familia

350 2219 486 2279 codicum
519 2218 546 2277 A
578 2219 658 2278 etV
690 2237 841 2296 nusquam
871 2218 1069 2278 inveniuntur
1101 2219 1132 2276 et
1159 2235 1235 2292 quas
1267 2235 1367 2276 omnes
1399 2235 1469 2276 con·

349 2308 464 2367 iectura
494 2308 681 2386 grammatici
712 2309 868 2378 cuiusdam
901 2308 949 2367 vel
981 2306 1145 2365 doctissimi
1176 2310 1206 2365 et
1241 2307 1314 2365 artis
1347 2305 1469 2366 criticae

349 2398 521 2472 peritissimi
545 2400 626 2456 ortas
650 2416 711 2456 esse
734 2397 785 2456 vix
808 2397 948 2457 credibile
965 2399 1018 2455 est.
1056 2395 1226 2455 Perlustres
1241 2396 1328 2455 modo
1351 2414 1469 2455 mecum

348 2505 459 2563 paucas
483 2489 535 2547 has
559 2507 594 2547 ex
616 2489 701 2545 tanto
725 2506 849 2546 numero
872 2486 994 2545 selectas
1018 2484 1199 2560 scripturas:

385 2576 409 2650 Ι,
440 2583 466 2648 l,
504 2581 541 2641 2:
565 2577 664 2635 multe
687 2576 753 2635 Par.
779 2577 855 2636 Fris.
881 2574 907 2634 G
935 2610 969 2620 —
997 2594 1116 2652 magna,
1140 2577 1196 2633 cet.

441 2671 468 2737 1,
506 2670 542 2730 5:
567 2666 631 2724 vita
656 2665 722 2744 Peg
747 2665 822 2729 Fris.
848 2665 875 2725 G
900 2700 940 2710 —
965 2664 1056 2734 vitae,
1081 2666 1137 2724 cet.

439 2761 466 2828 l,
482 2759 540 2820 29:
565 2755 716 2815 bidentem
739 2755 807 2819 Par.
833 2754 922 2815 G‘-
948 2753 1094 2824 bidentes,
1119 2756 1175 2811 cet.

441 2849 467 2915 1,
482 2850 540 2908 41:
565 2844 723 2905 fructusve
746 2845 813 2906 Par.
840 2843 866 2904 G
892 2879 930 2888 -
955 2843 1143 2919 fructusque,
1169 2845 1223 2902 cet.

439 2939 541 3004 l,48:
565 2934 660 2994 imbre
683 2933 751 2993 Par.
777 2933 803 2993 G
829 2970 869 2979 -
893 2933 972 3010 igne,
997 2935 1054 2992 cet.

440 3029 467 3094 1,
482 3028 541 3087 78:
566 3023 736 3098 Despiciam
764 3023 841 3082 dites
875 3022 944 3081 Par.
970 3019 996 3079 G
1026 3055 1058 3063 -
1085 3019 1170 3077 Dites
1199 3017 1373 3094 despiciam,
1409 3021 1465 3078 cet.

618 3112 732 3194 (confer
755 3112 780 3183 Ι,
806 3117 836 3183 4,
869 3116 928 3175 82:
964 3108 1115 3168 Deficiunt
1147 3109 1226 3166 artes
1264 3106 1467 3183 deficiuntque

662 3201 732 3261 doli.
757 3201 798 3273 ΙΙ,
825 3205 854 3275 5,
882 3204 962 3264 100:
993 3196 1164 3274 Gespitibus
1195 3215 1309 3256 mensas
1345 3197 1466 3272 cespiti-

661 3293 779 3368 busque
801 3290 926 3365 torum.)

437 3385 467 3452 2,
504 3387 540 3446 6:
564 3379 643 3440 fulta
666 3380 693 3441 G
718 3415 757 3426 -
781 3380 877 3454 firma,
902 3380 957 3439 cet.
1044 3377 1046 3380 ’

436 3474 466 3540 2,
481 3474 521 3536 76
547 3473 633 3545 (74):
657 3471 688 3528 in
713 3469 738 3530 G
767 3505 798 3513 —
829 3472 869 3543 et,
893 3471 950 3529 cet.

437 3563 466 3633 5,
503 3566 539 3624 7:
564 3579 617 3634 per
639 3562 670 3618 te
693 3558 720 3618 G
747 3595 776 3604 ι-
809 3579 906 3635 parce,
931 3559 986 3617 cet.

437 3652 465 3722 5,
481 3655 540 3712 74:
564 3667 660 3724 usque
685 3648 711 3709 G
738 3681 775 3692 ·-
800 3649 874 3724 ipse,
899 3649 956 3706 cet.

438 3743 466 3812 7,
504 3744 541 3804 3:
564 3737 703 3816 frangere
727 3737 753 3797 G
781 3773 816 3781 —-
843 3736 977 3808 fundere,
1003 3737 1059 3793 cet.

437 3833 466 3901 7,
482 3834 540 3893 54:
564 3827 656 3887 libem
674 3872 680 3886 .
700 3871 706 3885 .
724 3828 813 3885 mella
836 3827 905 3885 favo
929 3823 955 3884 G
986 3855 1017 3864 -
1044 3822 1107 3886 liba
1125 3872 1131 3885 .
1149 3871 1155 3884 .
1172 3824 1262 3883 mella
1277 3825 1382 3898 feram,
1407 3830 1463 3886 oet.

435 3922 465 3988 8,
481 3923 541 3983 51:
566 3917 680 3977 sontica
702 3916 778 3975 Fris.
804 3916 830 3975 G
856 3951 894 3960 -
920 3914 1030 3974 sentito
1051 3916 1088 3990 Y,
1114 3916 1226 3976 sontica
1250 3912 1281 3973 G.

392 3995 395 4000 ¹
436 4010 540 4078 9,3l:
565 4007 649 4065 nullo
672 4010 703 4066 te
727 4005 753 4066 G
781 4041 815 4050 —
843 4005 926 4064 nullo
951 4003 1017 4075 tibi,
1041 4007 1098 4066 cet.

436 4099 465 4166 9,
481 4101 539 4162 53:
563 4096 647 4155 donis
670 4115 800 4171 puerum
824 4094 849 4155 G
875 4130 913 4138 -
939 4113 1068 4171 puerum
1091 4094 1185 4166 donis,
1209 4096 1266 4154 cet.

365 4185 406 4258 ΙΙ,
434 4177 537 4257 1,17:
562 4185 601 4244 Di
624 4184 650 4244 G
677 4219 715 4228 —
740 4185 800 4255 Dii,
826 4187 882 4250 cet.
908 4184 1022 4262 (confer
1043 4183 1101 4256 III,
1127 4189 1157 4258 4,
1187 4183 1228 4260 1.)

438 4280 465 4350 1,
480 4280 539 4340 89:
563 4275 660 4346 furuis
678 4273 713 4346 G,
730 4275 780 4336 cui
796 4274 916 4336 lectioni
931 4273 1139 4334 Lachmannus
1155 4272 1286 4332 addidit:
1307 4269 1463 4344 „Guelfer-
