3286 4978
659 469 856 528 -9,

197 641 386 717 triumphum
416 642 504 716 duci,
533 641 564 701 id
588 643 670 718 quod
694 643 730 702 de
754 641 842 702 victis
865 643 977 713 solum,
1010 642 1127 701 nonde
1151 641 1317 704 victoribus

197 731 338 806 usurpari
362 733 470 806 potest.

285 819 339 894 IV,
366 826 395 891 5,
423 826 436 883 l
464 820 504 878 F:
538 819 596 890 Qui
619 821 710 895 mihi,
743 821 851 881 ceteri:
886 819 941 880 Est
974 819 1036 896 qui.
1084 818 1149 877 Etsi
1181 820 1317 880 codicum

196 912 368 969 nostrorum
391 909 479 969 lectio
512 911 765 986 quemadmodum
789 931 824 969 ex
854 909 926 971 libri
949 909 973 967 F
998 908 1147 984 scriptura
1176 911 1243 969 orta
1266 911 1316 982 sit,

195 1019 254 1058 non
277 999 364 1058 facile
388 999 595 1075 explicabitur,
619 1002 720 1060 tamen
743 1000 796 1078 qui
811 999 1010 1060 Baehrensius
1026 989 1231 1058 amantissima
1246 1001 1318 1061 haec

198 1092 289 1150 verba
313 1091 342 1148 et
366 1089 552 1148 dulcissima:

286 1177 344 1248 Qui
367 1179 465 1236 mihi
489 1180 530 1250 te,
555 1178 703 1250 Cerintho,
728 1179 790 1238 dies
812 1178 904 1251 dedit,
928 1177 977 1238 hic
999 1176 1073 1236 mihi
1095 1180 1219 1238 sanctus

178 1329 181 1334 ,
353 1267 456 1344 Atque
479 1268 557 1328 inter
580 1268 673 1328 festos
696 1287 813 1344 semper
835 1268 990 1328 habendus
1015 1267 1073 1326 erit

196 1357 227 1415 in
249 1356 383 1416 ieiunum
405 1358 482 1417 illud
510 1357 574 1431 ,En
591 1358 643 1434 qui
658 1360 708 1418 te“
735 1358 870 1434 potuerit
894 1359 1088 1431 commutare,
1112 1377 1234 1433 prorsus
1257 1375 1316 1417 non

196 1445 350 1521 perspicio
395 1445 497 1506 Omnis
522 1447 601 1546 enim
624 1447 715 1506 huius
739 1447 797 1508 loci
820 1449 874 1506 flos
898 1447 1039 1522 colorque
1063 1447 1121 1506 ista
1144 1448 1317 1508 coniectura

196 1536 322 1598 deletur

284 1624 368 1695 Quae
391 1625 518 1685 sirecte
541 1626 697 1702 disputata
720 1627 843 1700 sunt,
834 1647 895 1686 1am
919 1626 955 1685 de
978 1625 1036 1685 fide
1059 1644 1092 1685 ac
1116 1627 1245 1702 pondere
1268 1646 1316 1686 co-

194 1715 295 1774 dicum
325 1717 498 1774 nostrorum
530 1717 646 1775 certum
676 1715 741 1775 fieri
769 1719 869 1793 potest
900 1715 1057 1774 iudicium.
1104 1715 1182 1774 Nam
1211 1717 1317 1776 menda

194 1803 246 1863 illa
268 1824 349 1863 mero
373 1803 487 1864 librarii
513 1824 611 1864 errore
634 1806 806 1866 socordiane
830 1807 951 1879 exorta,
986 1824 1063 1880 quae
1094 1804 1124 1886 in
1147 1806 1316 1883 fragmento

196 1892 354 1953 Ouiaciano
384 1892 477 1952 fuisse
507 1894 650 1953 videntur
682 1896 763 1953 haud
793 1895 837 1953 ita
861 1895 1007 1970 pauca¹)‚
1037 1894 1068 1952 in
1092 1895 1147 1954 hac
1170 1895 1317 1954 librorum

194 1983 424 2058 comparatione,
449 2003 518 2043 cnm
537 1985 629 2044 ceteri
653 2004 774 2060 quoque
799 1985 912 2045 codices
935 1984 1047 2059 pariter
1070 1987 1204 2044 scateant
1236 2004 1316 2044 erro-

194 2073 289 2145 ribus,
314 2073 499 2150 neglegenda
523 2091 586 2132 esse
608 2073 759 2133 duximus

283 2161 431 2232 Quoniam
469 2162 608 2240 igitur
600 2183 631 2220 m
669 2165 755 2224 tanto
790 2163 1061 2239 discrepantiarum
1095 2135 1220 2223 numero
1255 2167 1317 2224 tres

193 2252 402 2311 tantummodo
419 2270 523 2311 versus
547 2253 805 2328 deprehendimus,
830 2253 942 2328 quibus
965 2252 1165 2312 recentiorum
1181 2253 1317 2313 codicum

193 2341 282 2404 lectio
305 2358 359 2417 pro
383 2361 455 2400 vera
478 2361 680 2419 germanaque
704 2342 841 2402 habenda
865 2362 927 2402 esse
952 2344 1006 2402 aut
1029 2342 1152 2418 propius
1177 2342 1316 2419 quamF
1406 2355 1408 2361 ·

194 2431 231 2489 ad
255 2431 414 2490 veritatem
439 2432 575 2490 accedere
592 2431 723 2507 videtur,
748 2431 855 2492 ceteris
871 2435 974 2492 autem
989 2430 1062 2496 locis
1078 2431 1217 2492 omnibus
1233 2431 1316 2510 frag-

193 2523 330 2579 mentum
353 2519 429 2579 illud
445 2520 608 2598 genuinam
631 2521 812 2597 scripturam
829 2522 968 2583 exhibere
988 2524 1033 2581 est
1049 2520 1316 2589 evidentissimum,

192 2609 225 2667 in
249 2630 284 2669 ea
308 2629 430 2686 quoque
453 2610 620 2669 carminum
643 2610 885 2672 Tibullianorum
908 2612 1004 2687 parte,
1029 2610 1059 2668 in
1084 2631 1145 2686 qua
1169 2611 1315 2671 codicisF

194 2699 327 2758 subsidio
351 2717 455 2758 sumus
479 2700 629 2771 destituti,
654 2700 728 2775 quin
751 2700 846 2758 nostri
869 2699 939 2760 libri
961 2699 1160 2759 multifariam
1182 2701 1316 2775 interpo-

193 2788 357 2848 lationibus
373 2789 434 2847 sint
449 2788 609 2864 inquinati,
634 2789 751 2848 diutius
774 2789 908 2848 dubitari
930 2789 1046 2865 nequit.
1082 2789 1168 2849 Unde
1192 2791 1317 2866 apparet

195 2882 286 2954 atque
319 2879 420 2948 extat,
454 2877 602 2953 duplicem
637 2878 740 2954 primis
770 2878 861 2938 medii
893 2879 960 2938 aevi
993 2878 1120 2938 saeculis
1152 2879 1317 2938 Tibulliani

193 2967 288 3028 libelli
311 2967 510 3027 recensionem
533 2969 564 3026 in
587 2969 743 3027 hominum
765 2967 905 3028 manibus
927 2967 1030 3039 fuisse,
1056 2969 1182 3028 alteram
1199 2989 1233 3028 ex
1257 2989 1317 3045 qua

193 3057 398 3134 fragmentum
413 3056 609 3117 Ouiacianum
624 3058 722 3129 fluxit,
747 3057 827 3117 omni
842 3058 904 3117 fere
927 3057 1159 3133 interpolatione
1179 3076 1315 3132 vacuam,

195 3145 332 3217 alteram,
356 3147 436 3205 unde
460 3147 556 3206 nostri
579 3147 648 3207 libri
672 3145 799 3223 profecti
822 3149 894 3206 sunt
917 3165 1035 3218 omneS,
1061 3147 1199 3207 omnibus
1221 3147 1316 3207 modis

194 3237 367 3310 corruptam
403 3239 494 3312 atque
536 3239 744 3307 obscuratam,
777 3258 794 3296 a
826 3237 1020 3314 grammatico
1053 3237 1183 3312 quodam
1215 3237 1317 3313 pravis

195 3327 343 3384 comment
345 3324 370 3384 is
394 3324 590 3385 refectamt
561 3329 590 3385 et
613 3326 834 3401 interpolatam.

283 3413 365 3474 Huic
387 3415 550 3475 recensioni
583 3436 657 3474 num
689 3417 763 3491 quid
792 3415 868 3475 lucis
899 3415 937 3474 ab
969 3415 1115 3516 excerptis
1138 3415 1316 3476 Tibullianis

195 3504 378 3579 offundatur,
402 3524 494 3565 nunc
504 3505 590 3564 nobis
621 3505 679 3565 erit
711 3505 924 3581 quaerendum
972 3503 1017 3563 Ac
1040 3505 1171 3580 primum
1194 3505 1317 3581 quidem

195 3613 272 3668 quae
295 3552 460 3653 auctdritas
484 3595 629 3670 excerptis
642 3594 882 3672 Frisingensibus
897 3594 1060 3654 tribuenda
1075 3595 1125 3670 sit,
1149 3594 1314 3656 videamus.

285 3824 311 3892 1)
330 3826 459 3895 Exempli
487 3826 580 3895 gratia
607 3826 722 3880 afferam
745 3827 792 3892 LV,
815 3827 837 3892 l,
857 3825 899 3879 60.
919 3827 956 3879 F:
985 3825 1083 3895 erigit,
1113 3826 1200 3880 ceteri
1226 3828 1315 3879 recte:

195 3897 304 3979 irrigat,
330 3898 377 3962 IV,
399 3897 547 3962 l,168F:
575 3897 702 3964 alteram,
729 3899 827 3952 ceteri:
856 3898 929 3951 alter
937 3919 943 3962 ;
971 3897 1019 3964 IV,
1043 3899 1063 3965 l,
1085 3897 1135 3950 193
1154 3899 1190 3954 F:
1217 3897 1315 3963 ausim,

195 3969 295 4031 ceteri:
315 3969 384 4040 ausi,
404 3969 468 4025 alia.
