3286 4978
634 464 851 524 ..27-

183 639 257 698 mihi
272 639 382 712 videor,
397 639 429 697 in
446 637 546 698 codice
562 638 723 715 archetypo
739 640 894 698 exaratum
907 638 1012 698 fuisse:
1029 643 1132 698 autum
1147 615 1253 701 maias
1269 639 1301 716 ¹),

184 729 275 788 itaut
297 727 353 788 hoc
377 748 412 786 ex
435 727 534 787 minus
557 729 638 787 recte
660 729 813 788 intellecta
835 729 985 805 scriptura
1009 747 1085 804 quae
1112 731 1304 790 craticulam

181 813 287 876 iberica
321 818 443 877 fluxisse
477 817 541 876 veri
575 817 760 877 simillimum
795 819 851 890 sit3
887 817 995 877 codicis
1029 817 1170 876 Wittiani
1207 820 1304 897 igitur

179 907 320 967 librarius
336 909 418 967 recte
435 907 606 965 emendavit
624 909 748 980 „natum
768 907 799 965 in
816 911 935 979 curas“,
960 926 1052 983 quam
1068 909 1304 968 emendationem

177 997 365 1073 improbasse
388 996 479 1055 miror
501 994 756 1074 Bubenceiuma,
780 997 833 1073 qui
856 996 904 1056 vir
927 997 1033 1056 doctus
1057 997 1166 1057 codicis
1189 997 1303 1058 Ebora·

178 1086 275 1146 censis
303 1086 461 1144 lectionem
492 1086 607 1150 variam
641 1104 771 1159 „vanum
794 1089 962 1157 metuensl,
998 1087 1061 1145 sine
1093 1087 1186 1146 dubio
1209 1088 1303 1147 inter·

179 1175 335 1252 polatione
352 1177 481 1234 exortam
496 1173 662 1234 intextum
677 1175 876 1252 recipiendam
893 1193 955 1235 esse
978 1175 1104 1234 censuit.
1137 1175 1303 1246 Quominus

180 1264 347 1324 Baehrensi
359 1264 558 1325 coniecturam
577 1283 708 1340 „vanum
721 1267 886 1325 eventura“
902 1265 1093 1341 accipiamus,
1110 1267 1304 1341 prohibemur

183 1372 218 1412 eo
242 1353 320 1428 quod
352 1354 440 1413 codex
464 1351 739 1430 Guelferbytanus,
774 1355 860 1414 cuiue
891 1355 1018 1415 lectione
1043 1354 1096 1414 ille
1118 1355 1242 1429 nit'tur,
1267 1359 1304 1415 ut

182 1441 260 1502 infra
282 1443 469 1513 docebimus,
503 1462 561 1502 non
594 1445 638 1503 ita
667 1444 899 1520 interpolatione
932 1445 980 1504 vel
1005 1445 1180 1504 emendandi
1203 1445 1304 1504 studio

180 1533 256 1590 liber
280 1533 410 1602 videtur,
435 1552 533 1609 neque
555 1533 754 1611 intellegitur,
779 1535 926 1610 quomodo
950 1533 1053 1593 littera
1069 1553 1082 1592 s
1099 1533 1152 1592 illa
1168 1535 1304 1611 potuerit

177 1622 319 1698 irrepere,
343 1642 413 1682 cum
427 1622 459 1680 in
474 1625 539 1682 toto
556 1642 646 1683 versu
669 1623 787 1682 nullum
812 1624 994 1684 vocabulum
1018 1625 1143 1696 extaret,
1169 1624 1206 1683 ad
1222 1624 1303 1700 quod

179 1712 370 1770 accusativus
394 1711 521 1787 pluralia
544 1711 680 1772 feminini
699 1716 871 1788 „maturas“
890 1711 1094 1786 referreturl).
1120 1712 1178 1783 ΙΙΙ,
1196 1719 1226 1788 4,
1247 1717 1301 1777 17:

180 1799 309 1858 AVBG:
335 1800 501 1873 ethereum,
527 1797 617 1860 A¹G:
642 1802 819 1864 aetherium.
851 1803 908 1873 ΙΙΙ,
926 1807 956 1873 4,
983 1806 1041 1865 87:
1066 1799 1208 1860 AVA¹B:
1233 1820 1302 1862 con-

182 1890 363 1966 sanguinea,
398 1888 467 1949 OG:
502 1891 581 1952 canis
617 1893 776 1970 anguinea.
812 1892 869 1962 ΙΙΙ,
904 1896 932 1962 5,
967 1895 1023 1954 29:
1060 1888 1164 1952 AVB:
1198 1889 1304 1968 Atqui}

182 1977 278 2050 nobis,
302 1976 416 2038 1¹06:
442 1979 484 2039 At
501 1981 585 2040 vobis
603 1981 677 2057 (vel:
697 1982 804 2055 nobie).
830 1980 887 2052 ΙΙΙ,
906 1985 935 2054 6,
954 1985 988 2044 8:
1014 1979 1134 2039 AVBd:
1160 1979 1301 2054 Pulserit,

179 2069 288 2128 ceteri:
312 2069 454 2130 Fulserit.
479 2069 536 2141 III,
563 2074 592 2141 6,
620 2076 676 2135 15:
700 2071 798 2129 AVB:
824 2070 979 2140 Armenae,
1005 2070 1110 2129 ceteri:
1135 2069 1302 2130 Armenias.

177 2157 232 2230 IV,
262 2164 289 2229 1,
315 2163 376 2222 4οε
401 2158 473 2216 AV:
498 2159 546 2219 hic
571 2163 625 2218 aut
649 2161 705 2220 tibi
729 2158 874 2239 (alterum
897 2159 945 2219 hic
968 2159 1161 2236 omiserunt),
1184 2158 1230 2218 B:
1254 2159 1303 2219 hic

177 2247 317 2324 (solum),
352 2246 466 2307 1¹66:
505 2249 553 2308 hic
582 2251 637 2308 aut
667 2250 715 2309 hic
747 2251 813 2310 tibi.
853 2249 908 2321 IV,
942 2254 969 2320 1,
997 2253 1054 2312 56:
1090 2247 1177 2306 AV:
1213 2245 1304 2313 cesslt

175 2337 321 2408 ethneae,
354 2338 462 2397 ceteri:
494 2339 582 2399 cessit
611 2341 641 2399 et
664 2344 777 2402 etneac.
802 2339 856 2411 IV,
885 2344 912 2410 1,
939 2344 997 2402 70:
1031 2337 1121 2396 AV:
1146 2339 1301 2413 terminas,

179 2423 342 2486 A¹BOG:
377 2429 578 2506 tergeminae,
611 2429 757 2490 Fracte:
789 2430 868 2488 inter
899 2429 1043 2506 geminae.
1072 2426 1131 2499 IV,
1160 2433 1193 2499 1,
1222 2433 1300 2492 113:

181 2515 302 2574 AVB:
337 2521 496 2576 renovarat
531 2520 596 2593 (per
626 2509 827 2601 ἡμιγραφίαν
863 2537 897 2576 ex
935 2518 1183 2592 „renovaverat“,
1220 2517 1301 2593 quod

180 2606 321 2680 praebent
338 2603 442 2682 1¹05.
477 2607 530 2681 IV,
551 2612 578 2678 1,
597 2612 676 2671 200:
705 2613 796 2682 „nec“
823 2607 924 2666 omisit
945 2610 1084 2683 uterque.
1109 2605 1163 2678 IV,
1188 2610 1218 2677 2,
1242 2611 1298 2670 14:

179 2693 302 2753 AVB:
327 2696 406 2755 hunc
431 2698 480 2772 (ex
495 2698 544 2760 aa
561 2723 593 2748 z
610 2699 649 2760 to*
671 2699 831 2772 exortum),
856 2697 965 2756 ceteri:
991 2695 1091 2754 habet.
1116 2694 1171 2767 IV,
1190 2701 1219 2767 3,
1241 2701 1299 2760 18:

177 2783 207 2842 A
223 2784 267 2844 V:
292 2785 348 2856 Da,
373 2786 481 2845 ceteri:
506 2785 562 2844 Ne.
587 2785 641 2857 IV,
661 2792 689 2857 5,
711 2791 749 2850 16
766 2786 932 2846 omiserunt
955 2785 1052 2860 spatio
1075 2803 1172 2843 vacuo
1195 2785 1300 2845 relicto

176 2876 360 2934 vocabulum
378 2875 457 2951 quod
474 2879 519 2936 eet
538 2879 628 2950 „nos“
643 2897 650 2947 3
674 2876 730 2935 hoc
747 2876 825 2935 enim
848 2878 967 2952 praeter
987 2873 1012 2931 B
1028 2873 1174 2950 praebent
1197 2874 1298 2934 ceteri.

269 3103 295 3170 l)
315 3105 401 3160 Vides
420 3124 505 3174 quam
523 3107 606 3161 facile
625 3107 694 3162 haec
712 3107 856 3176 potuerint
880 3105 1025 3160 confundi:
1051 3105 1150 3157 natum
1175 3105 1300 3156 maturas

177 3179 207 3231 et
225 3180 452 3232 uanumueturae.
478 3179 522 3232 Ne
536 3179 654 3233 fortasse
664 3178 785 3233 conicias
808 3197 924 3243 ,vanum
935 3175 1050 3230 natura“
1074 3175 1179 3229 eisdem
1198 3173 1299 3242 quibus

176 3249 341 3303 Baehrensii
361 3250 520 3304 coniectura
538 3251 692 3320 repellitur,
712 3249 866 3304 rationibus
886 3248 1048 3319 prohiberis.

268 3353 295 3419 2)
316 3353 497 3418 Quaestioncs
517 3353 702 3419 Tibullianae,
722 3355 834 3426 scripsit
852 3355 987 3409 Henricus
1007 3355 1167 3425 Bubendey‚
1186 3357 1300 3410 Bonnae

176 3423 258 3490 1864,
276 3444 323 3495 pg.
334 3424 377 3478 34.
405 3425 546 3491 Quomodo
565 3426 609 3480 vir
626 3427 724 3481 doctus
743 3427 909 3481 contendere
919 3427 1052 3497 potuerit,
1071 3427 1170 3482 melius
1186 3430 1300 3497 poetam

178 3496 270 3551 dicere
289 3497 414 3551 homines
434 3496 482 3566 qui
501 3497 595 3552 omina
613 3498 703 3552 noctis
721 3498 843 3568 placent,
861 3501 985 3552 metuere
1005 3499 1074 3552 haec
1094 3497 1135 3565 (id
1150 3499 1224 3567 quod
1242 3499 1301 3552 iam

177 3569 363 3638 praecedente
381 3586 462 3622 versu
482 3567 615 3636 dixerat),
642 3587 727 3638 quam
752 3569 877 3623 homines
904 3570 934 3623 in
959 3588 1038 3624 curas
1057 3573 1138 3624 natos
1158 3587 1225 3632 esee,
1245 3588 1301 3624 non

63 3705 66 3718 Ι
178 3640 322 3709 intellego.
361 3640 404 3693 An
423 3641 496 3708 quod
515 3641 581 3695 talis
601 3641 742 3696 sententia
760 3641 974 3710 interrogationi
993 3659 1049 3695 non
1068 3643 1225 3712 congruat?
1262 3643 1301 3696 At

179 3711 282 3765 iniuria
300 3711 494 3766 Lachmannus
518 3713 745 3782 interrogationis
773 3713 885 3782 signum
903 3713 995 3767 versui
1014 3713 1078 3768 huic
1097 3712 1232 3778 subiecit3
1252 3714 1299 3768 cfr.

178 3782 289 3837 Disseni
308 3783 374 3839 edit.
393 3783 420 3836 H
438 3802 484 3853 pg.
505 3783 565 3850 345,
586 3783 721 3855 Scaligeri
740 3787 808 3839 cast.
827 3802 875 3855 pg.
896 3784 955 3838 166.

268 3886 296 3956 3)
317 3890 389 3955 Quid
408 3890 483 3959 quod
501 3891 546 3944 vel
565 3909 659 3944 versus
679 3895 767 3946 metro
786 3892 855 3945 haec
874 3891 1034 3945 coniectura
1057 3892 1217 3961 repellitnr;
1236 3910 1301 3946 nus·

179 3979 265 4030 quam
291 3962 365 4016 enim
387 3961 417 4015 in
443 3961 549 4015 Tibulli
574 3965 624 4016 aut
642 3962 780 4033 Lygdami
799 3962 968 4017 carminibus
992 3962 1058 4016 talia
1078 3963 1107 4016 in
1125 3964 1187 4033 ipsa
1205 3981 1300 4018 versus

179 4051 294 4088 caesura
307 4033 386 4088 elisio
395 4033 540 4102 reperitur.
568 4033 630 4087 Huc
644 4035 752 4089 accedit
771 4034 845 4102 quod
863 4034 1031 4089 vocabulum
1047 4035 1113 4088 vani
1132 4034 1300 4102 ubicumque

179 4106 214 4159 de
233 4104 391 4159 hominibus
410 4108 562 4174 usurpatur
581 4147 587 4169 ,
606 4124 749 4174 nunqnam
768 4106 825 4160 vim
844 4106 919 4160 vocis
939 4123 1010 4174 quae
1035 4108 1078 4159 est
1096 4106 1232 4170 credulus,
1252 4107 1300 4161 sed

179 4177 374 4232 tantummodo
398 4176 518 4231 hominia
537 4176 652 4246 gloriosi
671 4177 716 4232 vel
734 4177 843 4231 fallacie
862 4177 1046 4248 pseudnlique
1057 4177 1159 4231 habere
1175 4177 1299 4242 videtur;

180 4266 248 4304 aava
274 4267 337 4303 cum
359 4249 412 4303 hoc
434 4265 516 4302 versu
541 4249 666 4303 conferas
692 4249 757 4307 Tac.
776 4248 842 4306 hist.
861 4249 896 4318 H,
916 4249 949 4300 22
968 4267 993 4306 v.
1016 4247 1048 4302 14
1067 4241 1188 4316 Halmii,
1215 4248 1299 4321 Verg.

179 4321 249 4382 Aen.
268 4322 301 4392 X,
321 4320 382 4390 631,
400 4319 489 4396 Lygd.
507 4319 555 4390 111,
574 4320 599 4390 4,
619 4320 661 4378 56.
