3286 4978
793 431 1012 492 „42-

342 612 448 670 tenues
471 609 560 670 denso
583 607 701 685 pectine
722 607 810 667 nocte
832 625 930 667 comas
954 641 985 650 --
1006 608 1112 666 tenues
1127 607 1217 666 denso
1241 609 1360 684 pectere
1375 608 1465 668 dente

342 717 439 762 comas
463 696 497 761 Ο.
533 696 591 767 ΙΙΙ,
617 701 647 769 4,
674 701 731 762 66:
756 696 859 773 potuit
884 731 924 740 -
948 695 1052 757 docuit
1075 695 1110 756 Ο.

432 786 540 847 Omnes
570 785 631 845 fere
661 786 774 846 codices
807 787 920 846 ceteros
950 785 1060 863 passim
1094 805 1147 863 per
1176 784 1373 848 bibliothecas
1401 786 1462 846 dis·

342 895 453 955 perses,
478 874 567 936 sicuti
589 875 844 936 Lachmannianos
867 875 978 952 partim
1001 896 1037 936 ex
1061 875 1268 951 Ambrosiam,
1293 875 1403 953 partim
1428 895 1463 934 ex

342 967 487 1026 Vaticano
520 984 573 1042 per
605 965 704 1025 varios
728 966 840 1044 gradus
862 966 994 1038 fluxisse,
1018 966 1114 1043 magis
1136 965 1295 1043 magisque
1318 965 1462 1044 gliscente

343 1060 373 1118 et
388 1053 618 1132 interpolatione
634 1057 665 1115 et
679 1055 901 1131 depravatione,
922 1053 1071 1113 Aemilius
1086 1054 1285 1115 Baehrensius
1301 1055 1331 1114 in
1348 1055 1461 1133 proleg.

341 1165 392 1224 pg.
416 1143 460 1204 IX
487 1145 635 1218 testatur,
666 1163 778 1221 paucos
806 1163 841 1202 ex
864 1142 958 1202 altera
980 1142 1097 1200 familia
1119 1145 1205 1202 natos
1229 1162 1339 1220 eosque
1363 1162 1463 1203 omnes

341 1233 540 1293 multifariam
568 1234 653 1294 novis
684 1231 965 1309 interpolationibus
995 1249 1030 1288 ex
1058 1231 1151 1306 stirpe
1173 1230 1201 1288 Y
1229 1232 1328 1292 ductis
1361 1233 1462 1310 inqui-

341 1328 429 1384 natos
461 1326 562 1383 extare
592 1323 684 1395 dicit,
716 1323 761 1381 ita
791 1323 827 1380 ut
854 1320 934 1378 solus
958 1317 1230 1394 Guelferbytanus,
1261 1340 1295 1379 ex
1327 1340 1388 1396 quo
1417 1321 1462 1380 illi

341 1412 483 1489 descripti
506 1412 566 1472 sint
590 1412 684 1472 altera
707 1428 799 1469 manu
823 1407 995 1468 correctoris
1019 1407 1079 1466 iam
1102 1405 1223 1477 addita,
1252 1407 1283 1464 in
1317 1408 1386 1467 crisi
1410 1409 1462 1468 Ti-

341 1502 477 1563 bulliana
500 1504 618 1579 praeter
642 1499 669 1558 A
692 1502 723 1559 et
745 1499 773 1555 V
797 1498 905 1558 debeat
928 1496 1073 1557 adhiberi.

430 1590 495 1651 Iam
528 1590 626 1669 igitur
654 1589 691 1648 de
724 1591 779 1649 hoc
815 1586 914 1647 codice
947 1585 1093 1664 singulari
1128 1584 1281 1645 videamus
1312 1581 1385 1660 quid
1419 1581 1460 1641 eit

342 1681 546 1741 statuendum.
