3286 4978
682 385 808 444 ‘⁴59
860 415 894 423 -

226 557 329 616 sitioni
359 577 438 618 nuno
469 577 499 618 se
532 578 653 634 operam
685 558 845 632 daturum,
882 559 932 633 (ut
964 556 1111 636 Scaligeri
1138 557 1238 617 verbis
1261 554 1346 636 utar)

227 646 307 722 quod
335 650 380 706 est
413 647 657 707 honestissimum
691 667 798 706 manns
833 646 1028 717 rurantibus,
1065 666 1133 706 cum
1167 646 1227 706 iam
1260 649 1348 705 antea

227 755 311 794 arare
334 755 364 795 se
389 740 418 795 et
441 755 511 797 oves
534 756 672 812 pascere,
706 738 786 812 quod
820 740 864 795 est
896 736 1033 795 infimum
1066 737 1149 806 ruri,
1181 735 1347 811 professsus

227 828 325 884 esset?
373 823 450 895 Quid
474 844 563 902 porro
598 826 767 904 significare
801 831 943 902 putemus
972 827 1065 884 verba
1096 825 1150 884 illa
1185 825 1291 900 „Ipse“
1319 827 1349 884 et

230 915 441 988 „Rusticus“‘l
474 918 522 974 An
546 916 625 975 dicat
649 916 717 991 quis
745 915 914 989 „rusticus“
940 915 1017 974 illud
1042 935 1058 973 a
1082 914 1202 974 Tibullo
1225 918 1348 990 propter

225 1003 358 1078 inopiam
381 1005 547 1064 sententiae
569 1005 635 1064 leve
658 1004 794 1080 nihilque
810 1004 939 1063 efficiens
963 1001 1145 1064 iocabulum
1169 1004 1204 1062 ad
1228 1022 1349 1063 versum

227 1094 438 1168 complendum
460 1095 671 1154 tantummodo
696 1112 757 1154 esse
781 1093 935 1169 positum?

317 1215 403 1276 Certe
433 1237 519 1278 nemo
549 1217 605 1277 hoc
638 1216 723 1276 nohis
754 1217 812 1276 erit
842 1219 1044 1292 probaturus,
1078 1235 1240 1291 omnesque
1275 1215 1348 1274 mihi

227 1307 387 1366 concedent
403 1325 506 1366 versus
524 1326 572 1366 eos
588 1307 699 1382 quibus
722 1309 811 1382 poeta
835 1306 992 1365 consilium
1015 1325 1106 1365 suum
1130 1305 1260 1381 exponit,
1286 1323 1348 1364 sese

226 1397 330 1454 contra
354 1400 445 1472 atque
469 1416 538 1456 eum
562 1397 614 1472 qui
645 1416 698 1471 per
728 1396 868 1455 militiam
901 1395 1025 1454 adsiduo
1057 1397 1171 1454 terrore
1200 1394 1348 1454 excitatus

226 1485 350 1544 divitias
372 1485 458 1544 fulvo
482 1505 555 1545 auro
580 1486 637 1545 sibi
660 1488 815 1562 congerat,
848 1485 949 1560 parvis
972 1485 1002 1542 in
1027 1485 1136 1560 opibus
1157 1483 1279 1543 rusticis
1304 1484 1347 1542 la·

130 1587 132 1592 '
226 1574 349 1632 boribus
373 1575 509 1634 deditum
537 1574 654 1634 felicem
681 1575 877 1651 quietamque
900 1574 995 1633 vitam
1020 1573 1096 1632 velle
1119 1573 1243 1650 degere,
1268 1576 1348 1632 recte

229 1670 297 1722 ante
320 1663 387 1722 illos
411 1664 548 1729 collocari
581 1665 634 1740 qui
664 1664 695 1720 in
726 1664 875 1741 agricolae
906 1663 1035 1742 negotiis
1059 1663 1131 1738 ipsis
1155 1662 1348 1740 depingendis

226 1756 395 1812 versantur.
433 1754 540 1829 Neque
561 1754 634 1828 quid
653 1753 753 1829 „ipse“
780 1753 857 1810 illud
873 1771 977 1828 versus
993 1752 1113 1826 septimi
1129 1751 1186 1810 sibi
1209 1751 1292 1822 velit,
1317 1751 1348 1809 id

227 1843 307 1916 quod
331 1841 462 1902 Haasius
486 1862 547 1901 una
571 1861 639 1902 cum
663 1844 754 1901 verbo
781 1841 866 1916 „hic“
893 1859 998 1901 versus
1023 1846 1063 1905 35
1088 1841 1216 1898 maxime
1238 1841 1348 1916 premit

227 1948 298 1998 suae
332 1931 516 1994 traiectionis
547 1933 777 2010 argumentum,
818 1931 872 1989 tali
910 1949 1054 1990 versuum
1094 1930 1347 1988 transmutatione

226 2019 305 2078 facta
333 2021 405 2078 satis
438 2021 637 2096 perspicitur;
673 2039 743 2078 nam
775 2020 811 2078 de
841 2020 1027 2096 oppositione
1057 2019 1152 2094 ipsius
1186 2017 1250 2078 hori
1286 2037 1347 2077 ser-

226 2126 393 2185 vorumque
410 2109 536 2187 cogitari
552 2129 609 2169 non
626 2112 735 2185 potest,
760 2108 860 2168 eiiam
885 2111 972 2167 antea
997 2109 1086 2167 herus
1110 2126 1172 2167 sese
1195 2107 1346 2166 bidentem

224 2200 325 2257 tenere
356 2199 515 2275 ipsumque
547 2201 637 2258 boves
670 2197 826 2258 stimulare
856 2197 1007 2273 professus
1039 2201 1093 2257 est.
1151 2196 1246 2267 Quam
1278 2199 1347 2272 apte

226 2290 329 2347 autem
344 2307 398 2348 suo
414 2289 487 2358 loce,
515 2307 574 2365 quo
590 2288 660 2348 libri
683 2287 713 2346 id
737 2287 896 2359 exhibent,
920 2287 1103 2346 vocabulum
1125 2286 1189 2362 ipsc
1213 2286 1346 2362 positum

226 2376 275 2448 sit,
299 2376 379 2435 intra
401 2377 681 2438 demonstrabimus.

315 2492 439 2552 Praeter
462 2494 534 2552 haec
558 2493 633 2552 vitia
657 2493 768 2569 quibus
792 2492 954 2568 utriusque
977 2492 1035 2552 viri
1059 2492 1141 2552 docti
1165 2494 1194 2550 et
1215 2491 1349 2550 Richteri

230 2583 260 2639 et
283 2579 457 2640 Baehrensii
489 2582 555 2660 (nec
586 2601 645 2640 non
668 2581 774 2640 Haasii
797 2582 1027 2659 Ribheokiique)
1058 2581 1253 2640 distichorum
1284 2583 1348 2640 tra-

227 2669 355 2730 iectione
380 2671 505 2748 elegiam
525 2671 652 2747 primam
673 2671 753 2730 infici
772 2671 933 2731 ostendisse
954 2671 1028 2729 mihi
1042 2671 1155 2740 videor,
1179 2671 1234 2730 hoo
1257 2670 1348 2730 etiam

227 2761 331 2817 contra
369 2759 531 2830 Baehrensi
571 2760 796 2820 restitutionem
834 2761 971 2819 carminis
1010 2778 1163 2832 moneam,
1203 2758 1349 2818 eiusmodi

227 2849 418 2922 parentheses
450 2849 568 2925 qualem
598 2850 735 2909 versibus
760 2851 890 2913 33-36
922 2850 973 2908 ille
1002 2848 1178 2920 constituit,
1209 2847 1348 2907 1616Τί-

227 2937 303 2995 bulli
327 2936 429 2998 libello
453 2956 603 3014 nusquam
625 2938 764 3009 inveniri,
789 2939 847 2997 nisi
869 2939 901 2996 in
925 2939 1055 2998 carmine
1071 2938 1099 2996 V
1114 2937 1184 2995 libri
1201 2937 1242 3011 11,
1268 2936 1349 3013 quod

227 3045 345 3085 carmen
368 3045 428 3086 non
452 3046 549 3103 usque
574 3029 611 3086 ad
633 3027 790 3087 umbilicos
815 3027 979 3087 adductum
1004 3046 1075 3100 esse,
1100 3027 1150 3085 sed
1175 3045 1190 3084 6
1210 3026 1348 3101 pluribus

228 3134 304 3189 quae
326 3116 449 3176 minime
472 3118 669 3177 cohaerebant
693 3117 830 3194 partibus
855 3119 892 3177 ab
915 3117 1008 3176 amico
1033 3116 1162 3192 quodam
1185 3118 1253 3190 post
1268 3133 1348 3173 mor·

226 3205 288 3262 tem
322 3211 426 3280 poetae
464 3207 542 3265 male
580 3207 825 3285 conglutinatum
859 3205 1050 3283 Gruppius1)
1091 3204 1281 3282 sagacissime
1319 3207 1349 3262 61

227 3293 380 3355 verissime
403 3295 593 3371 intellexit.²)

318 3519 344 3588 1)
364 3524 512 3579 1161616616
531 3525 629 3596 elegia.
648 3526 702 3580 vol.
722 3525 735 3578 Ι
754 3544 800 3595 pg.
822 3526 854 3578 77
875 3544 934 3594 sqq.

227 3691 257 3745 di
310 3619 344 3746 ᾇ)
362 3622 464 3748 {onfer
483 3623 569 3678 etiam
588 3641 660 3692 qnae
679 3624 712 3676 11.
726 3624 842 3679 Richter
860 3643 906 3695 pg.
926 3625 942 3677 6
961 3625 995 3679 de
1015 3624 1112 3680 Haasii
1131 3622 1349 3693 transpositione

258 3711 309 3746 su
341 3712 397 3747 v1:

271 3711 290 3762 p
408 3784 460 3848 ,At
478 3801 526 3838 vos
546 3785 647 3856 exiguo
666 3785 768 3856 pecori,
787 3787 916 3854 furesque
935 3786 1059 3856 lupique,
1078 3785 1121 3840 33.

440 3855 567 3910 Parcite:
587 3857 621 3912 de
640 3875 744 3928 magno
762 3858 868 3927 praeda
886 3858 1008 3928 petenda
1027 3876 1121 3928 grege.

405 3926 468 3996 Ipse
487 3945 577 3982 seram
595 3931 706 3983 teneras
724 3932 835 3983 maturo
854 3932 980 3999 tempore
998 3931 1070 3984 vites
1090 3947 1112 3983 e.
1125 3947 1151 3996 q.
1166 3925 1221 3995 sq.“

228 4021 322 4086 Quid?
341 4022 434 4075 furum
452 4021 503 4076 illa
522 4025 551 4077 et
575 4024 712 4094 luporum*
723 4025 883 4095 deprecatio
903 4025 1030 4093 quamvis
1049 4027 1116 4094 apte
1140 4020 1288 4077 conveniat
1306 4041 1350 4076 su·

227 4093 328 4162 periori
348 4093 504 4148 sententiae
528 4095 552 4148 61
576 4096 716 4165 progressi
741 4114 835 4150 sumus
862 4096 898 4150 ad
925 4097 1005 4166 „lpse
1030 4114 1120 4150 seram
1140 4092 1210 4150 etc.“
1230 4121 1263 4128 -
1283 4113 1350 4148 num

228 4165 296 4232 quid
321 4164 399 4218 aliud
428 4182 512 4232 quam
535 4166 723 4236 inopportuna
749 4167 938 4236 parenthesis,
958 4169 1077 4222 molesta
1096 4165 1245 4237 digressi0,
1265 4184 1349 4234 quam

227 4235 286 4362 nisit
301 4240 395 4291 mente
411 4238 673 4364 praeteq‘mittimua
690 4256 746 4292 non
759 4239 894 4293 habemus
907 4257 962 4308 quo
973 4240 1167 4310 insequentem
1179 4239 1350 4296 sententiam

227 4325 302 4362 rece
322 4324 409 4363 6111166
424 4325 502 4362 6111116
