3286 4978
814 504 1032 563 ..46-

581 675 622 749 II,
651 681 678 746 1,
703 681 763 740 45:
789 676 891 738 Aurea
1075 678 1174 739 Antea

652 771 679 838 1,
704 770 763 831 49:
787 767 899 846 ingerit
1075 769 1193 848 ingerat

653 860 679 926 1,
706 861 763 920 50:
789 859 825 915 ut
852 913 857 920 ,
1075 863 1105 918 et
1136 859 1229 936 (quod
1252 858 1363 918 vitium
1393 859 1481 919 fami·

361 942 468 1001 lieeY
500 943 710 1004 coniunctivus
741 945 792 1005 ille
818 947 975 1025 ,ingerat“
1002 947 1076 1008 salso
1109 949 1139 1007 in
1169 967 1258 1009 versu
1290 950 1482 1009 antecedente

360 1033 477 1107 positus
500 1033 628 1092 traxisse
651 1033 795 1111 videtur.)

649 1128 679 1195 3,
704 1128 746 1187 44
770 1123 854 1203 (4l):
879 1124 1013 1184 obsidere
1072 1126 1216 1187 obsistere

650 1217 679 1283 3,
704 1217 745 1277 45
771 1215 854 1288 (42):
879 1212 922 1271 Ut
1074 1212 1113 1271 Et

565 1299 623 1374 III,
650 1307 679 1372 3,
708 1307 764 1365 17:
790 1301 904 1378 legitur
927 1320 1004 1376 quae
1073 1301 1249 1376 legiturque
1271 1305 1302 1362 in

649 1395 678 1461 3,
705 1394 763 1453 20:
789 1389 906 1448 Invidia
930 1391 975 1448 est
1074 1388 1180 1447 Invida
1204 1410 1281 1465 quae

648 1484 678 1552 3,
703 1483 762 1542 22:
787 1478 867 1556 regit
1073 1477 1152 1556 gerit
1177 1478 1280 1556 (Fris.)

648 1572 677 1639 6,
703 1573 761 1632 46:
787 1587 873 1644 prece
1071 1567 1139 1629 fide.

450 1690 506 1750 His
529 1691 709 1752 lectionibus
725 1690 955 1768 Guelferbytani
980 1694 1011 1751 et
1033 1693 1172 1771 florilegii
1197 1692 1298 1770 gallici
1314 1691 1478 1753 communi·

359 1781 435 1853 bue,
472 1801 549 1856 quae
584 1781 647 1840 sine
681 1781 744 1840 ulla
776 1781 965 1841 dubitatione
997 1782 1154 1858 seripturis
1191 1783 1315 1843 alterius
1346 1781 1480 1841 familiae

361 1871 583 1946 anteponendae
606 1874 687 1941 sunt,
712 1871 815 1929 statim
839 1890 949 1946 paucos
973 1871 1026 1930 hos
1049 1872 1129 1932 locos
1150 1891 1344 1950 opponamus,
1369 1871 1480 1947 quibus

360 1957 481 2018 illorum
505 1978 664 2019 consensus
688 1960 840 2020 codicibus
865 1959 892 2018 A
917 1965 947 2021 et
970 1960 997 2018 V
1023 1964 1067 2019 est
1089 1961 1229 2021 inferior:

389 2065 414 2140 I,
441 2070 471 2136 8,
497 2071 538 2131 39
563 2085 644 2143 sqq.:
669 2086 749 2127 nunc
773 2067 846 2143 (ter)
871 2066 939 2129 Par.
965 2065 991 2126 G
1019 2099 1055 2109 -
1081 2073 1156 2127 tunc
1180 2069 1295 2143 (recte),
1320 2070 1377 2128 cet.

361 2153 415 2228 IV,
444 2161 471 2226 l,
497 2159 556 2220 39:
588 2156 651 2216 Nec
675 2157 835 2232 quisquam
859 2155 927 2214 Par.
952 2154 977 2215 G
1005 2190 1039 2200 —
1068 2155 1147 2214 Nam
1170 2156 1284 2232 quique
1307 2155 1363 2215 tibi
1387 2155 1415 2213 Y
1444 2190 1477 2198 -

588 2244 668 2304 Nam
691 2245 758 2321 quis
782 2247 813 2303 te
837 2247 943 2322 (recte)
967 2245 1001 2303 F.

451 2351 572 2410 Praeter
595 2352 670 2411 duas
694 2351 747 2410 has
770 2352 911 2412 lectiones
928 2369 1033 2410 versus
1049 2349 1103 2421 IV,
1131 2354 1158 2424 1,
1185 2355 1314 2416 39—47
1340 2352 1370 2409 et
1390 2349 1480 2409 codex

362 2438 388 2499 G
405 2442 435 2498 et
451 2443 590 2517 excerpta
600 2440 736 2499 Parisina
752 2441 891 2501 exhibent
907 2459 1061 2517 perperam
1078 2439 1237 2500 collocatos
1253 2440 1312 2499 ita:
1338 2444 1480 2513 45—47,

362 2532 536 2606 39-44‚¹)
560 2529 590 2589 id
613 2531 692 2606 quod
711 2530 909 2590 certissimum
928 2529 1114 2606 cognationis
1135 2532 1347 2606 argumentum
1369 2529 1481 2587 haben·

362 2619 432 2677 dum
459 2621 520 2691 est3
545 2619 616 2678 talis
640 2620 719 2679 enim
734 2638 877 2679 versuum
900 2619 1055 2694 dispositio
1079 2618 1136 2677 nisi
1161 2638 1195 2678 ex
1219 2619 1321 2679 eodem
1344 2617 1428 2677 fonte
1450 2617 1481 2674 in

360 2711 527 2784 utrumque
556 2709 668 2768 librum
701 2727 836 2769 manasse
866 2729 924 2769 non
957 2711 1065 2785 potest.
1114 2707 1288 2784 Scripturas
1311 2725 1382 2767 vero
1413 2707 1482 2765 illae

361 2815 472 2872 pravae
503 2817 646 2857 versuum
680 2798 703 2872 Ι,
735 2805 764 2871 8,
798 2803 837 2862 43
871 2818 936 2874 sqq.
970 2801 999 2857 et
1029 2797 1083 2871 IV,
1121 2803 1147 2869 l,
1178 2802 1219 2861 39
1252 2795 1482 2872 interpolatione

362 2888 482 2946 exortae
506 2906 568 2946 esso
592 2888 741 2962 videntur,
766 2907 835 2948 cum
858 2888 999 2947 librarius
1024 2887 1132 2947 codicis
1156 2887 1310 2963 archetypi
1334 2886 1482 2944 sententia

361 2975 469 3051 prioris
504 2976 560 3036 loci
599 2977 699 3036 minus
742 2980 823 3036 recte
867 2977 1022 3037 intellecta
1060 2975 1224 3050 particulas
1262 2971 1480 3051 immutaret,⁹)

362 3064 487 3123 alterius
511 3065 651 3124 mendum
679 3064 777 3139 „Nam
801 3066 915 3142 quique
939 3066 1028 3137 tibi“,
1062 3063 1143 3138 quod
1166 3063 1239 3138 quin
1263 3064 1293 3121 in
1319 3062 1481 3138 archetypo

363 3153 497 3212 extiterit
520 3155 653 3214 dubitari
685 3155 810 3230 nequit,
844 3154 920 3213 falso
951 3153 1123 3231 corrigeret.
1171 3151 1308 3228 Denique
1335 3152 1426 3210 etiam
1449 3151 1480 3209 in

362 3261 451 3302 vorsu
474 3242 516 3314 ΙΙ,
542 3249 572 3317 3,
598 3248 639 3308 39
665 3245 733 3320 (36)
757 3243 871 3302 familia
888 3243 916 3301 Y
939 3260 1112 3320 germanam
1134 3241 1290 3302 lectionem
1317 3243 1479 3316 „operata“

453 3474 478 3541 l)
498 3476 558 3541 Qua
577 3493 606 3530 re
625 3475 711 3530 etiam
730 3475 871 3530 sententia
890 3474 1018 3544 quamvis
1044 3473 1169 3543 speciosa
1187 3472 1223 3526 M.
1244 3470 1413 3536 Rothsteini,
1433 3470 1482 3539 qui

362 3545 405 3601 vir
423 3546 520 3602 doctus
539 3566 586 3618 pg.
607 3546 640 3600 70
659 3546 748 3600 libelli
767 3547 810 3600 sui
829 3546 923 3616 posuit
946 3546 975 3599 in
995 3545 1088 3599 codice
1108 3543 1216 3612 aliquo,
1241 3543 1314 3598 unde
1334 3541 1358 3596 G
1382 3543 1481 3596 ductus

363 3622 549 3683 est,su1nma
574 3635 637 3673 cum
657 3635 723 3672 cura
749 3621 940 3687 excerptorum
966 3617 1099 3670 lectiones
1125 3615 1266 3686 graviores
1290 3614 1320 3667 in
1345 3614 1481 3682 margine,

362 3690 479 3745 leviores
492 3690 570 3745 velut
581 3707 628 3744 eus
641 3706 713 3758 quae
731 3707 788 3742 una
806 3690 903 3743 littera
922 3689 957 3742 ab
971 3687 997 3740 Y
1009 3687 1178 3757 discrepant,
1197 3687 1271 3741 inter
1289 3685 1377 3739 lineas
1396 3685 1482 3738 fuisse

363 3762 513 3816 adnotatas
540 3762 585 3817 vel
613 3762 699 3815 etiam
727 3761 896 3815 correctione
923 3760 953 3813 in
980 3759 1072 3828 ipsum
1090 3763 1200 3814 textum
1218 3758 1328 3820 illatas,
1354 3756 1396 3810 ita
1414 3759 1446 3810 ut
1465 3774 1482 3809 a

362 3832 477 3888 librario
495 3850 551 3888 non
569 3834 611 3887 ita
630 3832 761 3902 diligenti
784 3831 926 3900 graviores
951 3829 1156 3900 discrepantiae
1181 3831 1238 3884 fere
1256 3829 1481 3898 neglegerentur,

278 3943 280 3951 ι
362 3905 552 3975 reciperentur
569 3904 694 3969 leviores,
713 3903 830 3958 refutari
848 3902 917 3956 mihi
936 3902 1055 3957 videtur.

451 4011 478 4076 2)
498 4010 658 4065 Lectionem
674 4007 788 4075 ,nunc“,
808 4026 880 4077 quae
894 4008 963 4077 quin
975 4008 1010 4062 ab
1025 4010 1218 4078 excerptorum
1237 4007 1349 4060 demum
1368 4009 1482 4061 auctore

363 4083 488 4154 profecta
506 4083 553 4146 sit,
572 4081 631 4137 fieri
649 4098 705 4135 non
717 4097 803 4206 Iposse
823 4080 1015 4134 Rothsteinius
1033 4099 1080 4150 pg.
1102 4079 1134 4132 75
1154 4078 1307 4142 contendit,
1325 4077 1382 4132 iam
1401 4077 1431 4131 in
1450 4095 1482 4132 eo

363 4155 445 4219 libro,
459 4171 560 4221 exque
574 4156 705 4222 excerpta
740 4152 844 4206 arisina
856 4155 970 4222 sumpta
983 4155 1056 4218 sunt,
1070 4150 1196 4206 extitisse
1209 4151 1357 4220 propterea
1371 4148 1482 4204 eredere

363 4225 444 4290 licet,
471 4225 545 4293 quod
569 4224 632 4279 aliis
657 4241 767 4293 quoque
786 4223 862 4288 locis,
881 4223 960 4278 velut
979 4224 999 4288 l,
1019 4223 1044 4288 2,
1066 4223 1107 4276 79.
1127 4221 1152 4287 3,
1172 4221 1215 4276 89.
1235 4223 1277 4274 91.
1298 4221 1322 4286 6,
1344 4220 1374 4272 ll
1395 4221 1482 4290 parti·

364 4296 456 4352 culam
486 4294 588 4362 ,nunc'‘
619 4312 676 4350 non
702 4295 794 4349 minus
821 4295 916 4364 inepte
943 4311 1001 4368 pro¹
1023 4292 1119 4359 ,tunc“
1150 4293 1180 4346 in
1204 4309 1259 4345 uno
1284 4294 1369 4360 atque
1393 4292 1482 4347 altero

364 4368 458 4423 codice
477 4368 598 4438 positam
617 4367 778 4438 reperimus.

898 4754 991 4931 4
1111 4804 1259 4932 ι
