3286 4978
646 459 842 517 ..5-

271 635 328 707 III,
354 640 385 706 4,
411 638 452 698 89
477 633 501 690 F
525 633 607 692 solus
631 631 770 692 exhibet:

322 723 485 800 Scyllaque
508 722 675 800 virgineam
699 721 825 783 canibus
849 722 1000 782 sueoincta
1022 723 1162 800 figuram,

183 814 274 875 ceteri
297 832 416 873 omnes:
444 811 634 887 „submixta“
660 812 709 870 vel
735 811 921 886 „submista“
948 814 1053 888 apertu
1075 811 1304 890 interpolatione

182 904 317 964 trudunt.
1383 905 1385 910 ’

270 991 328 1063 111,
355 996 383 1062 6,
410 995 450 1056 23
475 989 499 1048 F
523 990 645 1049 scribit:

334 1080 443 1151 Quales
467 1079 514 1138 his
537 1098 646 1156 poenas
670 1079 768 1154 qualis
791 1082 984 1156 quantusque
1008 1079 1151 1150 minetur,

181 1173 218 1231 de
250 1191 312 1247 qun
346 1170 472 1231 lectione
502 1169 640 1246 quamvis
663 1168 775 1247 frigida
798 1172 828 1228 et
851 1169 951 1242 inani,
985 1169 1016 1227 in
1039 1169 1189 1247 Lygdnmi
1212 1188 1303 1228 versu

181 1260 322 1319 dubitare
344 1279 403 1318 non
425 1259 546 1333 licebit3
572 1259 664 1318 eeteri
686 1259 814 1318 codices:
841 1257 950 1328 Quales
969 1259 1019 1318 his
1034 1277 1143 1336 poenes
1158 1259 1233 1318 deus
1255 1258 1305 1318 hie

182 1353 392 1426 quantumque
416 1353 427 1425 (
430 1349 494 1408 vel:
519 1350 739 1424 quoecumque)
762 1348 905 1408 minetur.

270 1438 324 1511 IV,
350 1445 379 1510 6,
406 1443 446 1503 62
471 1436 495 1495 F
519 1439 659 1514 praebet:
715 1461 719 1466 ·

370 1527 418 1586 'Fu
441 1546 517 1602 puer
539 1528 560 1601 i,
584 1527 735 1603 liquidum
759 1527 870 1587 fortius
893 1527 968 1587 udde
991 1547 1118 1601 merum,

181 1618 292 1694 optime
316 1617 512 1688 muitetur,
544 1635 598 1692 pro
622 1635 656 1676 eo
680 1618 760 1694 quod
790 1617 822 1675 in
850 1617 956 1678 ceteris
980 1619 1137 1676 exaratum
1161 1617 1222 1676 est:
1256 1616 1303 1677 Tu

181 1726 256 1785 puer
279 1709 309 1767 et
333 1707 484 1782 liquidum
508 1726 533 1765 e.
558 1726 587 1783 q.
613 1724 636 1765 s.

269 1795 323 1871 IV,
351 1802 379 1870 1,
405 1801 446 1861 39
470 1795 502 1853 in
524 1794 548 1853 F
572 1794 732 1854 soiibitur:

330 1886 410 1944 Num
434 1885 502 1960 quis
524 1886 555 1944 te
578 1884 692 1944 meioru
715 1884 795 1962 gerit
816 1884 960 1944 eastrisve
974 1886 1014 1961 (l)
1038 1884 1151 1955 forove,

182 1975 273 2034 ceteri
303 1972 461 2035 exhibenti
498 1975 595 2049 „Num
632 1974 745 2050 quiquo
775 1974 865 2047 tibi“‚
900 1973 1055 2050 „Quisque
1084 1974 1174 2046 tibi“‚
1209 1973 1302 2049 „Quis

181 2063 237 2124 tibi
259 2070 360 2137 num“‚
385 2065 444 2124 alie
467 2067 572 2123 eontra
596 2081 715 2123 sensum
739 2066 793 2123 eut
816 2081 922 2123 versus
945 2067 1086 2124 metrum.

268 2153 322 2225 IV,
351 2160 378 2226 l,
405 2160 463 2219 55:
488 2152 529 2211 F:
553 2153 661 2225 lothos,
685 2152 792 2212 ceteri:
816 2153 935 2229 ciclops.

267 2243 322 2315 IV,
349 2249 377 2316 1,
402 2248 444 2307 70
468 2262 512 2320 sq.
536 2243 568 2301 in
590 2243 760 2320 fragmento
784 2245 882 2302 extet:
1151 2311 1157 2320 ,

352 2333 444 2392 lllum
466 2333 545 2392 inter
568 2332 704 2410 geminae
727 2335 849 2391 nentem
871 2331 999 2391 confinia
1022 2332 1129 2392 mortis

352 2422 415 2482 Nee
438 2420 555 2498 Scyllae
578 2440 667 2482 saevo
690 2423 857 2482 conterruit
880 2421 1011 2498 impetus
1033 2440 1095 2493 ore,

177 2511 288 2587 reliqui
312 2530 413 2571 omnes
446 2532 538 2587 prave
567 2510 709 2571 exhibent
742 2510 853 2585 „Illum
876 2510 1078 2590 tergeminue“
1114 2513 1144 2571 et
1178 2512 1300 2585 „orbe“.

266 2599 320 2672 IV,
350 2608 376 2675 1,
405 2606 465 2665 142
490 2619 596 2660 versus
619 2601 796 2661 emendandi
818 2601 842 2659 F
866 2604 947 2660 eerte
974 2619 1076 2660 ansam
1100 2602 1223 2676 praebet
1246 2619 1300 2678 op·

177 2690 301 2764 timem;
326 2691 382 2750 hoe
406 2691 485 2750 enim
507 2691 538 2749 in
563 2709 597 2750 eo
621 2693 704 2749 extet
727 2692 902 2750 exaratum:

352 2780 448 2840 Ardet
471 2780 598 2841 areetais
622 2782 677 2839 eut
698 2779 779 2838 unda
802 2778 976 2856 perhospite
999 2779 1120 2854 campie,

176 2869 268 2929 ueteri
290 2872 395 2929 eontra
417 2869 487 2929 libri
511 2869 721 2948 gravissimam
744 2869 872 2928 trudunt
894 2868 1175 2944 interpolationem:

351 2977 464 3036 Creteis
488 2977 572 3035 ardet
596 2979 650 3035 eut
672 2977 754 3036 unda
777 2977 898 3037 caristie
922 2976 1044 3051 eampis.

264 3081 318 3157 IV,
347 3089 374 3157 l,
402 3087 462 3147 185
495 3083 537 3142 F:
571 3083 714 3142 fecundus
754 3082 792 3142 ed
831 3082 999 3143 deficientia
1033 3083 1154 3154 messis,
1189 3084 1298 3146 ceteri:

175 3172 310 3231 fecundis
333 3172 534 3233 indeficientia
555 3173 674 3232 mensis.

264 3260 317 3333 IV,
346 3268 373 3334 1,
400 3267 464 3326 200
487 3261 528 3320 F:
553 3262 682 3337 sineere,
707 3262 817 3323 ceteri:
841 3263 973 3323 mittere.

265 3349 319 3421 IV,
347 3357 374 3422 1,
401 3356 463 3416 205
488 3351 512 3409 F
537 3351 673 3412 exhibet:

304 3439 364 3500 Seu
388 3444 507 3500 matura
529 3441 592 3500 dies
614 3441 740 3501 celerem
763 3444 905 3517 properet
926 3442 1002 3500 mihi
1024 3444 1162 3514 mortem,

175 3532 344 3590 ceterorum
367 3530 518 3605 scriptura
554 3530 637 3605 „dies
660 3531 723 3591 fato
746 3534 908 3608 properet“
944 3552 980 3591 ex
1011 3531 1191 3610 glossemate
1214 3531 1295 3592 vocis

174 3638 253 3695 quae
276 3622 321 3679 est
344 3620 416 3694 dies,
440 3623 507 3681 orta
530 3619 660 3680 videtur.

262 3726 316 3800 IV,
342 3732 372 3799 3,
398 3732 416 3792 3
441 3727 484 3786 F:
509 3727 632 3803 proelis,
656 3727 765 3787 ceteri:
790 3730 911 3803 pectora
932 3728 982 3788 vel
1004 3730 1133 3804 pectore.

263 3817 316 3892 IV,
342 3822 372 3889 6,
399 3822 415 3879 7
441 3815 465 3874 F
488 3819 631 3893 praebet:

318 3906 361 3966 At
382 3909 429 3980 tu,
453 3909 567 3977 saneta,
591 3906 659 3966 fave
680 3926 741 3965 neu
764 3906 832 3983 quis
855 3906 980 3966 divellet
1002 3909 1146 3980 amantes,

173 3995 283 4055 ceteri:
311 4016 367 4070 „ne
388 4015 442 4056 nos
465 3996 623 4070 divellet“,
648 3996 722 4072 quin
745 3997 836 4056 etiam
862 4016 941 4072 „neu
963 3997 1025 4061 id“.

261 4102 316 4176 IV,
342 4109 371 4178 7,
397 4108 415 4168 5
440 4122 484 4180 sq.
507 4103 539 4162 in
562 4103 586 4161 F
610 4103 652 4163 sie
674 4103 857 4163 traduntur:

499 4211 566 4270 Mea
588 4209 699 4287 gaudia
722 4212 834 4283 nerret,

430 4299 557 4362 Dicetur
579 4299 605 4358 si
627 4299 696 4380 quis
718 4317 778 4360 uon
800 4299 940 4362 habuisse
961 4320 1026 4375 sua,
