3286 4978
813 487 1031 546 ...48-

396 658 421 732 Ι,
449 665 499 731 10,
547 664 582 725 3:
605 660 673 718 tum
695 658 723 716 Y
745 660 812 722 Par.
1102 665 1175 723 tunc
1198 661 1233 726 G.

447 754 495 820 10,
521 755 581 813 41:
606 750 637 806 at
660 748 686 805 Y
709 749 777 811 Par.
809 797 812 802 .
1104 756 1159 813 aut
1181 751 1217 826 G,
1242 755 1278 812 ut
1302 752 1338 811 V.

447 843 496 909 10,
523 843 581 902 50:
606 841 734 914 occupat
756 840 783 898 Y
806 840 873 899 Par.
1103 847 1228 918 occupet
1251 841 1287 904 G.

376 925 417 998 ΙΙ,
465 931 495 999 6,
543 933 579 992 7:
605 927 678 1003 Spes
701 929 791 989 sulcis
813 929 841 987 Y
864 930 932 990 Par.
958 931 1034 993 Fris.
1103 936 1133 991 et
1156 932 1246 992 sulcis
1270 930 1305 990 G.

361 1015 418 1089 111,
466 1021 495 1088 3,
523 1021 582 1081 29:
606 1017 714 1078 iuvant
736 1020 764 1077 Y
786 1019 855 1078 Par.
1107 1021 1213 1081 iuvent
1237 1021 1272 1087 G.

465 1111 495 1177 4,
522 1111 579 1170 63:
604 1107 663 1167 illis
686 1107 713 1165 Y
736 1109 806 1168 Par.
1110 1109 1155 1168 illi
1179 1109 1215 1170 G.

466 1201 495 1269 6,
544 1201 579 1260 7:
604 1197 715 1256 durum
737 1197 765 1255 Y
788 1197 855 1256 Par.
1109 1197 1210 1256 dirum
1234 1199 1270 1261 G.

450 1337 507 1398 Sed
539 1340 636 1399 multo
665 1339 759 1398 maior
789 1356 858 1415 pars
881 1337 1044 1397 lectionum
1068 1338 1221 1415 archetypi
1247 1341 1482 1417 depravatorum

360 1427 390 1485 in
415 1429 561 1504 excerptis
583 1428 726 1488 Parisinis
750 1427 1000 1503 deprehenditur;
1024 1426 1166 1486 nimirum
1188 1428 1215 1488 ei
1231 1430 1283 1504 qui
1299 1431 1481 1510 florilegium

361 1517 497 1589 confecit,
522 1518 559 1577 ad
575 1537 660 1577 suam
675 1517 821 1577 rationem
837 1517 935 1578 multa
951 1518 1038 1578 erant
1058 1517 1244 1593 mutanda,¹)
1268 1519 1366 1578 multa
1389 1523 1481 1581 etiam

360 1607 553 1667 librariorum
583 1607 774 1686 neglegentia
806 1611 950 1683 corrupta
980 1610 1061 1667 sunt.
1103 1605 1173 1667 Huc
1201 1607 1297 1686 igitur
1327 1608 1480 1685 pertinent

361 1695 529 1772 scripturae
552 1697 625 1757 hae:

401 1828 426 1903 I,
453 1834 481 1901 2,
497 1834 555 1894 90:
581 1829 607 1889 ei
630 1830 727 1890 iratus
750 1830 818 1890 Par.
978 1849 1035 1889 non
1060 1851 1139 1891 unus
1163 1831 1198 1895 O.

451 1924 481 1991 2,
496 1924 556 1983 91:
581 1919 771 1995 dampnasset
794 1920 862 1978 Par.
976 1920 1097 1980 lusisset
1121 1919 1154 1986 Ο,

452 2013 481 2078 2,
496 2013 556 2073 97;
582 2009 778 2070 circumdedit
800 2009 869 2069 Par.
976 2009 1161 2068 circumterit
1185 2009 1220 2070 Ο.

452 2102 480 2168 3,
496 2101 556 2161 68:
581 2098 659 2158 circa
681 2100 750 2158 Par.
976 2098 1089 2158 circum
1113 2096 1148 2157 0.

452 2191 481 2257 3,
496 2191 555 2250 87:
581 2187 624 2246 At
646 2188 713 2249 Par.
974 2187 1018 2247 Ac
1043 2186 1075 2247 O.

452 2280 481 2347 6,
497 2280 555 2340 75:
579 2275 625 2335 Nc
647 2277 716 2336 Par.
973 2277 1036 2336 Nec
1059 2275 1083 2336 Ο
1108 2276 1194 2352 (item
1218 2276 1259 2348 ΙΙ,
1285 2283 1314 2348 2,
1344 2276 1396 2355 13)

451 2370 481 2438 8,
499 2371 555 2428 14:
580 2365 703 2444 colligat
726 2365 792 2424 Par.
973 2365 1089 2443 colligit
1113 2364 1147 2425 Ο.

452 2459 481 2524 9,
518 2459 555 2518 3:
581 2457 625 2514 est
649 2455 742 2530 siquis
766 2455 834 2514 Par.
976 2457 1006 2515 ct
1029 2455 1123 2531 siquis
1147 2453 1181 2518 Ο.

431 2548 480 2614 10,
518 2548 554 2608 3:
579 2543 655 2602 Tum
679 2544 747 2602 Par.
841 2535 843 2538 ’
972 2544 1056 2603 Tunc
1079 2542 1114 2606 Ο.

431 2636 481 2706 10,
517 2638 554 2697 4;
579 2631 620 2692 Et
642 2633 709 2695 Par.
971 2633 1050 2692 Tum
1073 2632 1140 2707 AV,
1165 2633 1249 2694 Tunc
1273 2632 1308 2692 G.

431 2726 480 2795 10,
517 2727 555 2786 8:
581 2725 705 2799 aptabat
729 2723 795 2785 Par.
974 2725 1093 2784 astabat
1116 2721 1150 2782 Ο.

432 2816 481 2882 10,
496 2815 556 2874 37:
581 2813 791 2890 perscissisque
814 2813 882 2896 Par.
974 2813 1182 2890 percussisque
1205 2810 1240 2887 0,
1264 2812 1378 2871 multae
1397 2811 1482 2883 aliae,

509 2899 517 2906 ”
582 2920 657 2977 quas
681 2903 786 2962 afferre
810 2903 935 2980 longum
960 2904 1012 2964 est.

450 3031 630 3109 Ubicunque
661 3034 757 3112 igitur
780 3035 985 3094 Parisinorum
1017 3035 1183 3111 scripturae
1213 3032 1400 3110 reliquorum
1434 3052 1483 3093 co-

361 3121 459 3180 dicum
496 3123 686 3183 consensione
721 3124 885 3184 destitutae
920 3124 1000 3199 ipsae
1035 3141 1088 3198 per
1122 3141 1153 3182 se
1186 3121 1294 3182 codicis
1326 3122 1483 3198 archetypi

361 3209 539 3272 lectionibus
556 3231 614 3272 non
634 3217 798 3290 praestant,
823 3212 942 3272 omnino
966 3215 1037 3271 sunt
1061 3213 1281 3290 neglegendae3
1306 3211 1357 3270 sed
1380 3214 1483 3271 extent

360 3300 393 3358 in
416 3301 555 3379 florilegii
584 3303 736 3363 codicibus
770 3303 860 3363 etiam
883 3302 1054 3374 nonnullae,
1079 3302 1190 3379 quibus
1214 3301 1320 3360 menda
1344 3299 1483 3360 Guelfer-

362 3391 533 3539 iidiffssrsei
565 3392 700 3452 codicum
724 3391 781 3451 AV
811 3391 979 3452 communia
1006 3391 1121 3468 optime
1152 3391 1364 3468 corriguntur,
1397 3391 1484 3450 velut

400 3595 426 3667 Ι,
453 3603 481 3670 5,
497 3601 555 3660 61:
581 3599 698 3671 praesto
722 3597 779 3656 tibi
803 3599 922 3673 praesto
946 3595 970 3655 Ο
990 3629 1024 3639 --
1046 3597 1165 3670 praesto
1181 3615 1297 3671 semper
1320 3597 1361 3669 te,
1387 3596 1482 3654 Par..

582 3688 713 3761 (praesto
737 3703 852 3763 semper
874 3685 941 3760 tibi,
967 3683 1129 3762 Muretus).

454 3779 483 3847 9,
498 3779 538 3838 23
563 3793 607 3850 sq.
633 3775 747 3835 celandi
770 3793 836 3852 spes
943 3773 998 3833 Est
1022 3819 1054 3839 ..
1080 3777 1182 3848 vetat,
1213 3773 1281 3833 Pur.
1313 3807 1346 3816 -
1374 3773 1481 3832 celanti

583 3863 628 3924 ias
737 3863 868 3924 Sit...
893 3862 1033 3924 vettO.

386 3951 427 4024 II,
455 3957 482 4024 l,
498 3957 557 4018 38:
583 3953 691 4031 glande
714 3953 782 4014 Par.
810 3988 848 3998 -
875 3954 987 4031 grande
1010 3951 1044 4012 0.

371 4043 372 4046 ’
454 4049 484 4113 2,
501 4049 558 4106 15:
581 4041 659 4101 indis
682 4042 751 4101 Par.
782 4078 815 4086 -
842 4041 932 4102 undis
956 4041 990 4103 Ο.

454 4135 484 4203 4,
502 4136 559 4196 12:
584 4150 664 4191 nune
688 4132 755 4191 Par.
782 4166 822 4176 -
846 4153 915 4192 nem
939 4131 974 4191 Ο.

391 4277 578 4284 .-.ῳ-..-

456 4345 481 4413 1)
500 4345 572 4401 Vide
591 4367 663 4418 quae
682 4366 766 4419 supra
785 4347 813 4402 in
833 4365 893 4417 cap.
916 4348 926 4400 l
948 4346 963 4413 ἕ
983 4347 1000 4400 4
1019 4346 1231 4416 disputavimus.
