3286 4978
799 469 1016 530 ..15-

348 641 486 703 exhibere
501 642 659 704 lectionem
684 645 735 717 „et
750 642 832 701 solo“
856 641 988 721 Scaliger
1003 643 1145 717 testatur,
1168 643 1200 702 in
1213 643 1350 705 Parisino
1366 650 1467 708 autem

347 731 446 791 codice
463 732 556 791 altero
574 736 657 796 7647
676 733 708 808 (p
725 731 899 809 Baehrensi)
924 732 1070 808 scriptum
1093 732 1248 792 invenitur
1274 738 1323 809 „et
1346 735 1467 815 colpos

347 821 378 878 in
410 821 504 879 altero
536 820 783 881 Nostradamensi
816 821 931 896 (littera
953 842 972 880 n
996 821 1127 899 signato)
1152 824 1235 882 extat
1261 827 1311 899 „et
1344 827 1464 885 solito.“

346 909 405 968 Pro
431 909 570 984 „limine“
598 929 689 986 quam
711 910 839 971 formam
858 910 1047 989 Scaligerana
1071 913 1101 970 et
1125 911 1259 972 Parisina
1281 933 1300 989 p
1323 915 1354 972 in
1377 934 1466 976 versu

347 998 372 1071 I,
398 1003 418 1062 l
443 1004 482 1063 62
510 999 660 1072 exhibent,
685 999 716 1058 in
739 1000 838 1060 codice
861 1001 995 1060 Parisino
1019 1021 1039 1058 11
1064 1003 1147 1060 extat
1174 1002 1341 1077 „lumine“;
1378 1005 1466 1064 item·

347 1107 406 1164 que
437 1088 468 1146 in
503 1094 628 1163 „suoco“
664 1089 815 1166 scriptura
837 1090 862 1162 I,
888 1095 920 1166 8,
947 1089 985 1154 ll
1011 1089 1148 1150 Parisiua
1174 1111 1194 1167 p
1226 1094 1256 1152 et
1280 1091 1466 1172 Scaligerana
1497 1082 1499 1086 ¹

347 1177 539 1238 consentiunt
573 1181 678 1239 contra
712 1179 780 1239 Par.
812 1200 847 1251 n,
882 1179 914 1237 in
949 1198 1009 1254 quo
1041 1180 1187 1256 scriptum
1223 1185 1307 1242 extat
1346 1184 1461 1259 „fuoc.“

349 1265 456 1326 Confer
472 1268 562 1328 etiam
585 1269 610 1343 I,
630 1273 680 1346 10,
698 1273 754 1333 49:
784 1273 983 1344 ,vomerque“
1002 1268 1070 1329 Par.
1096 1291 1115 1345 p
1132 1272 1162 1329 et
1177 1268 1298 1348 Scalig,
1326 1275 1468 1348 „nomen-

348 1361 426 1433 quc“
452 1356 521 1417 Par.
547 1378 581 1430 n;
605 1357 630 1416 Ι.
657 1362 686 1431 9,
712 1362 767 1423 23:
796 1378 868 1432 „nec
885 1358 960 1419 tibi“
987 1358 1055 1417 Par.
1080 1379 1099 1434 p
1124 1357 1288 1436 etScalig,
1316 1382 1372 1434 „ne
1388 1364 1465 1424 tibi“

347 1445 406 1504 Par
428 1467 462 1519 n;
486 1447 540 1522 IV,
569 1453 596 1522 1,
623 1452 678 1511 95:
707 1452 848 1524 „parma“
875 1447 980 1523 Par.p
1004 1451 1034 1508 et
1049 1447 1167 1527 Scalig„
1193 1453 1324 1525 „pa1·va“
1351 1450 1418 1515 Par.
1436 1473 1466 1510 n.

348 1534 427 1605 Quid
460 1537 540 1612 quod
562 1536 698 1596 Parisina
729 1538 794 1613 ipsa
826 1557 1009 1614 quamquam
1040 1542 1119 1598 certe
1153 1539 1254 1598 eodem
1284 1541 1368 1614 patre
1395 1543 1466 1598 nata

348 1625 466 1701 saepius
482 1627 672 1704 longiusque,
698 1646 787 1701 quam
806 1626 949 1705 Scaligeri
966 1627 1085 1705 eclogas
1102 1628 1252 1705 codexque
1267 1627 1335 1687 Par.
1352 1649 1371 1704 p
1387 1628 1465 1688 inter

348 1733 379 1774 se
402 1714 568 1790 discedunt,
592 1716 677 1775 velut
700 1715 741 1787 ΙΙ,
762 1723 789 1787 1,
808 1722 865 1781 37:
894 1716 1010 1791 „colos“
1037 1737 1067 1792 p,
1095 1718 1205 1791 „colis“
1232 1739 1266 1790 n;
1290 1717 1331 1789 Il,
1360 1724 1388 1789 l,
1406 1724 1465 1783 48:

351 1804 527 1880 „deposuitt‘
561 1825 590 1881 p,
619 1805 779 1880 „deponit“
806 1826 842 1878 n3
876 1805 917 1876 ΙΙ,
946 1812 973 1880 1,
999 1810 1057 1870 89:
1089 1807 1240 1880 „tacitus“
1268 1828 1297 1884 p,
1325 1808 1463 1882 „tacitis“

348 1914 384 1965 n;
409 1893 450 1964 ΙΙ,
469 1898 498 1967 2,
521 1899 576 1958 13:
604 1895 669 1970 „Ne
692 1895 749 1955 tibi
766 1895 929 1970 quaesieris
945 1897 1106 1969 columque
1122 1913 1252 1970 cumque
1275 1917 1329 1973 per
1344 1900 1464 1957 or·bem“

348 2003 377 2059 p,
406 1983 466 2057 „Te
478 1983 535 2043 tibi
551 1983 712 2059 quaesieris
727 1987 888 2060 totumque
900 2003 952 2059 per
968 1985 1087 2050 orbem“
1114 2003 1148 2055 n;
1174 1982 1198 2053 I,
1217 1989 1246 2054 3,
1266 1991 1322 2049 70:
1351 1987 1465 2059 ,iacet“

348 2092 378 2143 11,
406 2072 525 2150 „fugit“
552 2093 585 2149 p;
609 2073 634 2146 I,
662 2079 690 2144 1,
716 2078 774 2138 20:
809 2074 865 2148 „de
887 2092 995 2150 magno
1020 2075 1065 2132 est
1087 2072 1197 2146 preda“
1223 2090 1253 2143 n,
1280 2073 1336 2148 „de
1359 2093 1468 2150 magno

349 2162 459 2237 preda“
486 2182 515 2238 p,
541 2162 565 2233 Ι,
591 2167 621 2235 3,
647 2167 706 2226 88:
742 2162 907 2237 „remittit“
935 2182 964 2231 n,
997 2161 1172 2235 „remittat“
1198 2181 1217 2237 p
1242 2165 1298 2220 etc.

438 2250 596 2310 Praeterea
619 2249 809 2328 Scaligeraua
842 2253 978 2325 excerpta
1001 2250 1115 2310 Tibulli
1138 2269 1243 2309 versus
1275 2270 1292 2306 a
1315 2250 1467 2328 florilegiis

350 2340 462 2400 alienos
487 2341 639 2416 complexa
658 2360 717 2399 non
742 2342 821 2398 sunt.
869 2338 949 2409 Quos
973 2339 1052 2398 enirn
1067 2338 1242 2398 Protzenius
1266 2359 1300 2398 ex
1325 2340 1366 2398 eis
1382 2340 1468 2398 affert

348 2431 380 2488 in
403 2429 545 2490 Parisinis
579 2429 730 2488 codicibus
761 2449 821 2488 non
845 2431 1001 2500 extantes,
1035 2429 1098 2488 veri
1130 2427 1316 2487 simillimum
1351 2430 1396 2488 est
1430 2449 1484 2488 ne·

349 2519 401 2579 illa
425 2520 547 2596 quidem
571 2519 748 2578 exhibuisse.
796 2518 874 2577 Nem
897 2520 1063 2594 utrumque
1080 2518 1189 2589 locum,
1215 2535 1336 2577 vorsum
1358 2516 1412 2590 IV,
1439 2524 1469 2590 2,

352 2615 392 2673 23
418 2614 448 2669 ot
471 2608 525 2680 IV,
554 2613 602 2680 13,
632 2614 670 2673 18
694 2607 826 2687 Scaliger
849 2608 879 2666 in
904 2608 1152 2687 castigationibus
1176 2607 1238 2667 suis
1269 2627 1329 2667 non
1354 2609 1470 2686 eclogas

351 2717 419 2758 suas
444 2700 492 2759 vel
516 2698 644 2775 priscam
667 2699 857 2775 scripturam,
890 2699 1002 2774 quibus
1033 2698 1112 2757 notis
1142 2701 1280 2774 excerpta
1303 2697 1470 2775 significare

350 2789 435 2858 solet,
466 2789 604 2849 exhibere
636 2789 718 2861 dicit,
754 2789 805 2849 sed
837 2792 917 2849 certe
949 2789 1209 2868 neglegentissime
1230 2791 1376 2862 .„veteres
1400 2805 1470 2844 suos

349 2878 460 2937 libros“
497 2879 545 2937 vel
579 2881 714 2954 „veteres
745 2897 845 2938 omnes
876 2879 999 2951 libros“,
1033 2899 1093 2954 qua
1123 2879 1160 2937 de
1192 2875 1380 2952 neglegentia
1411 2873 1468 2930 viri

350 2966 478 3026 illustris
493 2966 652 3026 Eduardus
668 2967 802 3027 Hillerus
817 2967 847 3024 in
865 2987 940 3031 mus,
958 2967 1053 3028 Rhen.
1071 2968 1129 3025 vol.
1147 2963 1246 3022 XXIX
1262 2982 1312 3040 pg.
1329 2965 1389 3025 100
1403 2980 1468 3036 sqq.

351 3057 535 3132 disputavit;
560 3057 590 3115 in
616 3057 777 3132 exemplari
801 3060 903 3115 autem
927 3056 1065 3115 editionis
1088 3052 1303 3125 Plautinianae,
1328 3051 1415 3109 cuius
1439 3050 1469 3108 in

350 3147 485 3224 margine
509 3147 643 3206 codicum
667 3164 790 3205 suorum
820 3145 962 3204 lectiones
986 3143 1083 3203 varias
1107 3141 1253 3218 ascripsit,
1287 3141 1324 3199 ad
1348 3157 1469 3199 versum
1581 3154 1584 3160 ·

352 3235 405 3309 IV,
432 3241 461 3308 2,
487 3239 527 3300 23
561 3237 658 3294 solum
681 3235 709 3291 V
741 3235 861 3312 signum
893 3234 924 3292 id
956 3237 1001 3292 est
1025 3231 1177 3292 Ouiaciani
1208 3229 1379 3289 recentioris
1410 3247 1470 3304 quo

352 3329 469 3400 practer
492 3325 697 3402 fragmentum
720 3324 798 3383 illud
832 3324 1008 3401 eclogasque
1031 3324 1177 3382 utebatur
1199 3319 1246 3378 vir
1269 3318 1470 3390 doctissimae,

354 3417 383 3474 et
407 3415 444 3474 ad
468 3433 588 3474 versum
612 3413 666 3488 IV,
694 3420 743 3486 13,
772 3418 810 3478 18
834 3416 936 3472 notam
961 3412 1006 3472 00
1030 3410 1171 3487 apposuit
1193 3428 1254 3484 qua
1286 3411 1359 3467 nota
1389 3408 1470 3486 frag-

352 3507 488 3563 mentum
512 3503 706 3564 (luiacianum
729 3503 874 3580 insignire
897 3502 1019 3565 solebat.

442 3594 515 3653 Inde
538 3593 598 3652 iam
629 3597 762 3670 apparet,
797 3593 828 3652 in
860 3591 1042 3651 carminibus
1065 3587 1241 3648 Tibullianis
1275 3590 1339 3647 arte
1370 3586 1472 3647 critica

353 3683 547 3744 restituendis
564 3688 702 3759 excerpta
726 3686 755 3742 et
768 3681 964 3742 Vincentiana
988 3683 1018 3740 et
1030 3678 1219 3756 Scaligerana
1242 3695 1364 3754 prorsus
1387 3694 1472 3751 posse

354 3773 471 3847 omitti,
511 3792 580 3832 oum
613 3773 666 3831 illa
689 3791 724 3832 ex
757 3771 906 3832 communi
930 3769 1146 3846 florilegiorum
1178 3769 1276 3828 codice
1310 3766 1472 3842 archetypo

353 3863 496 3922 fluxerint
528 3882 624 3937 neque
659 3861 823 3938 quidquam
857 3859 913 3920 sibi
946 3860 1077 3918 habeant
1112 3858 1235 3935 proprii,
1277 3857 1349 3916 haec
1382 3856 1471 3914 etiam

354 3972 434 4012 nunc
457 3951 488 4010 in
512 3952 610 4011 codice
625 3951 762 4010 Parisino
785 3972 814 4027 p,
840 3969 929 4026 quem
953 3948 1129 4025 Meynckius
1152 3949 1172 4006 l.
1189 3948 1209 4009 l.
1234 3946 1366 4022 appellat
1389 3943 1471 3998 Thu-

356 4062 474 4114 aneum,
500 4043 600 4101 extare
624 4040 793 4101 videantur.
829 4040 968 4115 Namque
992 4038 1135 4117 Scaligeri
1159 4038 1278 4114 eclogae
1301 4036 1361 4092 fere
1377 4028 1473 4088 omni-

355 4133 412 4192 bus
435 4131 507 4191 locis
530 4150 600 4191 cum
622 4131 764 4189 Thuaneo
789 4129 949 4190 concinunt
972 4130 1025 4201 ita,
1059 4133 1095 4188 ut
1118 4127 1182 4188 veri
1214 4122 1399 4185 simillimum
1423 4119 1471 4188 sit,

356 4221 456 4280 virum
486 4221 574 4279 illum
605 4220 810 4281 doctissimum
842 4219 1024 4291 aThuano,
1060 4219 1145 4278 ouius
1177 4217 1207 4274 in
1237 4209 1473 4269 familiaritatem

356 4313 488 4383 venerat,
513 4311 642 4370 codicem
667 4310 806 4388 florilegii
831 4309 976 4386 accepisse
1000 4307 1226 4382 excerpendum.
