3286 4978
626 453 842 512 ..25-

176 627 340 706 potuerim
373 627 465 686 immo
497 626 636 703 isquem
667 627 731 702 ipse
761 630 968 703 perscrutatus
991 647 1073 700 sum,
1098 628 1292 701 Monacensis,

176 719 324 787 omnibus,
349 719 385 776 ut
415 734 509 790 supra
538 716 653 776 dietum
677 719 732 791 est,
760 715 907 777 Italorum
938 717 1222 795 interpolationibus
1245 717 1294 777 vel
1402 775 1404 778 .

175 808 262 868 etiam
281 806 484 882 posteriorum
507 804 662 865 hominum
683 807 858 866 commentis
881 809 977 867 scatet
1000 827 1098 884 neque
1120 806 1183 867 ullo
1205 808 1294 867 modo

174 895 464 956 aLaohmannianis
487 894 592 954 littera
616 893 637 954 0
661 895 772 954 notatis
795 896 897 956 differt
921 897 1110 957 auctoritate.

259 985 385 1045 Praeter
414 985 467 1044 hos
498 983 596 1061 igitur
628 984 742 1044 oodioes
772 984 851 1044 inter
881 1004 983 1046 omnes
1014 986 1069 1062 qui
1102 985 1199 1046 edhuo
1222 988 1295 1045 sunt

172 1075 308 1144 exoussi,
341 1073 445 1133 nullus
473 1072 532 1132 nisi
562 1093 643 1132 unus
674 1073 886 1134 Foroiuliensis
917 1074 1141 1136 Guarnerianus
1150 1075 1172 1150 ¹)
1206 1095 1295 1152 quem

172 1165 203 1223 J.
229 1164 267 1222 A.
293 1163 423 1239 Vulpius
445 1162 611 1222 Patavinus
634 1163 780 1240 excerpsit
813 1167 843 1223 et
870 1164 1012 1225 leotiones
1035 1165 1166 1241 potiores
1189 1164 1294 1241 primis
1411 1203 1414 1211 ·

174 1273 249 1314 suae
273 1253 407 1312 editionis
431 1250 563 1328 (Patavii
589 1252 686 1334 1749)
711 1253 828 1330 paginis
851 1253 988 1325 inseruit,
1013 1273 1103 1314 unam
1129 1255 1295 1315 alteramve

175 1343 367 1417 lacunarum,
398 1341 434 1401 de
458 1341 568 1417 quibus
592 1361 683 1418 supra
705 1341 942 1418 disputavimus,
971 1344 1116 1404 intactam
1138 1343 1296 1421 reliquisse

179 1432 305 1492 videtur.

261 1519 327 1579 Iam
349 1520 405 1580 beo
427 1521 464 1580 de
487 1539 586 1592 eausa,
611 1521 692 1597 quod
714 1520 776 1582 fere
799 1523 891 1582 nullis
915 1522 1064 1582 Italorum
1087 1521 1294 1604 interpolatio·

171 1611 261 1670 nibus
284 1609 437 1686 inquinati
460 1613 532 1670 sunt
555 1630 572 1668 a
594 1611 693 1686 priore
716 1611 849 1686 librario,
874 1611 1047 1672 Baehrensii
1062 1612 1176 1672 codices
1192 1609 1295 1670 AVG

171 1700 297 1777 plurimi
320 1702 394 1759 sunt
417 1699 593 1760 aestimandi
616 1699 924 1778 Laehmannianisque
947 1700 1188 1780 praeponendi2).

261 1789 304 1848 At
326 1789 453 1850 forsitan
477 1789 547 1849 libri
570 1789 753 1850 Lachmanni
776 1790 870 1850 ABG
894 1811 929 1851 ex
952 1791 1011 1850 alio
1028 1794 1119 1867 atque
1142 1790 1294 1850 Baehren-

175 1879 249 1938 siani
271 1879 353 1938 fonte
376 1879 506 1938 derivati
529 1879 606 1951 sint;
641 1881 708 1941 tum
736 1880 869 1956 profesto
893 1881 924 1938 in
947 1899 979 1939 re
1002 1880 1107 1940 oritiee
1129 1879 1295 1940 lectitanda

175 1968 294 2027 minime
309 1968 462 2028 debebunt
484 1968 530 2026 illi
545 1969 674 2046 neglegi,
699 1970 836 2045 quamvis
853 1970 950 2029 multo
966 1975 1169 2030 correctorum
1192 1988 1295 2028 reeen-

174 2058 286 2117 tiorum
307 2058 339 2116 in
363 2058 404 2118 eis
428 2059 531 2117 extent
554 2058 691 2136 vestigia.
725 2058 853 2119 Proinde
876 2059 953 2118 hano
976 2059 1012 2119 de
1035 2059 1171 2120 oodioum
1195 2057 1294 2118 affini-

173 2151 237 2206 tate
261 2148 468 2224 quaestionem
492 2147 713 2226 aggrediamur.

441 2365 481 2422 11.
501 2365 543 2420 lie
562 2363 712 2420 eodlelbus
731 2365 895 2421 Baehrens!
913 2365 938 2420 A
956 2367 987 2420 et
1005 2365 1037 2422 V.

264 2495 384 2555 Oodioes
401 2493 635 2556 Ambrosianum
660 2497 690 2555 et
714 2494 896 2556 Vatiaanum
919 2495 1138 2556 vetustissimos
1162 2497 1296 2556 omnium

177 2585 287 2644 Tibulli
311 2584 459 2643 librorum
481 2584 559 2644 inter
590 2603 621 2644 se
644 2588 786 2662 cognatos
811 2604 889 2660 esse,
913 2585 973 2643 iam
996 2585 1093 2661 primo
1116 2587 1228 2660 optutu
1250 2585 1296 2645 in·

177 2675 332 2752 tellegitur
362 2673 430 2733 inde
454 2673 534 2751 quod
568 2693 637 2733 oum
671 2674 763 2734 aeteri
786 2673 899 2734 eodioes
923 2673 1043 2752 longius
1074 2675 1235 2751 propiusve
1259 2677 1296 2734 ab

177 2784 279 2824 eorum
302 2781 446 2824 consensu
474 2763 660 2840 discrepent,
694 2763 810 2822 eosdem
834 2763 980 2822 librorum
1002 2763 1110 2822 titulos
1134 2765 1296 2840 eademque

173 2854 364 2932 singularum
395 2853 560 2932 elegiarum
590 2853 733 2914 lemmata
756 2856 885 2929 uterque
917 2852 1009 2911 codex
1032 2852 1161 2928 exhibet,
1186 2854 1296 2930 quibus

173 2944 275 3004 titulis
315 2942 376 3003 fere
410 2943 605 3003 rubricatoris
637 2942 758 3020 signum
789 2942 854 3005 R⁸⁸
884 2942 931 3002 vel
955 2933 1039 3034 ‚Rue
1072 2942 1208 3002 additum
1239 2946 1294 3002 est.

173 3032 365 3093 Lemmatum
395 3032 580 3092 differentiae
608 3051 701 3109 paene
732 3031 834 3092 nullae
857 3034 929 3091 sunt
952 3050 1050 3108 neque
1082 3034 1201 3092 exortae
1234 3051 1296 3092 esse

173 3123 334 3195 videntur,
365 3121 423 3181 nisi
453 3121 529 3180 falsu
555 3121 783 3182 enuntiatorum
815 3123 1015 3182 verborumve
1044 3121 1295 3197 interpunctione,

266 3332 292 3402 1)
312 3335 384 3390 Vide
403 3335 505 3406 Heyuii
525 3336 567 3390 ed.
586 3336 673 3405 praef.
692 3354 739 3406 pg.
759 3335 864 3389 XXIV:
884 3337 999 3390 lacunas
1018 3338 1116 3390 eontra
1134 3338 1199 3404 post
1216 3353 1241 3388 v.
1261 3334 1296 3399 ΙΙ,

174 3407 201 3472 3,
223 3407 254 3459 15
274 3410 302 3462 et
320 3407 355 3474 ΙΙ,
374 3407 399 3473 3,
420 3407 453 3460 75
478 3407 508 3462 in
533 3407 747 3461 Baehrensianis
774 3410 902 3462 extantes
928 3407 971 3461 his
997 3406 1162 3461 commentis
1181 3406 1298 3476 praebet

175 3479 315 3549 expletas:
411 3550 487 3620 ,Ipse
506 3551 542 3604 ed
561 3549 704 3604 umbrosas
723 3549 822 3604 ducere
841 3549 1050 3618 1111111111111111κ
1072 3553 1102 3604 et

357 3621 431 3686 ,Mos
450 3639 547 3694 precor
565 3622 614 3675 ille
632 3620 691 3676 redi
710 3621 852 3691 patienter
870 3639 963 3674 rursus
982 3624 1015 3675 ut
1033 3621 1124 3675 olim*

177 3713 306 3768 Ceterum
315 3711 361 3766 hio
372 3728 482 3780 quoque
494 3712 581 3765 codex
590 3728 624 3766 ex
633 3710 743 3764 familis
761 3711 784 3763 A
796 3709 820 3762 V
839 3710 952 3780 pendet,
970 3709 1067 3764 multis
1076 3713 1105 3764 et
1120 3707 1297 3763 librariorum
1346 3712 1352 3724 “

177 3784 314 3840 erroribus
333 3786 362 3838 et
381 3783 526 3836 doctorum
536 3783 682 3837 hominum
700 3781 964 3851 interpolationibus
983 3781 1156 3850 inquinatus,
1175 3781 1254 3835 velut
1272 3781 1293 3846 I,

176 3857 202 3920 3,
222 3856 271 3910 73:
290 3855 352 3910 Illic
371 3858 400 3909 et
419 3853 522 3920 iuveni,
541 3854 590 3920 ΙΠ,
610 3855 635 3919 6,
654 3854 704 3908 41:
723 3853 868 3922 minorque
888 3853 1014 3908 Catullus
1026 3853 1094 3907 :d

266 3951 294 4019 2)
313 3953 431 4008 Versum
441 3952 488 4017 IV,
510 3952 533 4017 1,
554 3949 626 4016 lite,
645 3969 729 4020 quem
738 3950 937 4006 Baehrensiani
951 3950 1198 4016 exhibentomnes,
1210 3950 1298 4004 Lach-

176 4024 322 4082 manniani
340 4028 452 4094 praeter
470 4025 494 4078 A
513 4027 542 4079 et
560 4041 575 4078 o
594 4023 761 4088 omiserunt;
781 4023 816 4078 de
834 4022 1003 4078 Eboraoensi
1013 4022 1126 4092 quidem
1137 4023 1207 4078 certi
1225 4021 1296 4076 nihil

175 4102 299 4164 constet,
326 4096 374 4150 sed
397 4113 507 4152 versum
533 4096 563 4149 in
587 4112 620 4150 eo
647 4099 792 4150 exaratum
817 4095 902 4149 fuisse
921 4095 986 4148 inde
1006 4094 1080 4163 quod
1098 4093 1229 4148 Heinsius
1248 4093 1297 4146 ad·

176 4173 271 4225 notat:
303 4167 369 4234 ,112
396 4167 508 4222 saecula
531 4165 638 4221 famae⁸
665 4169 759 4236 potest
783 4165 926 4221 concludi:
952 4166 982 4219 in
1005 4165 1176 4219 Wittianum
1202 4167 1297 4222 autem

176 4245 252 4296 certe
271 4259 305 4296 ex
322 4238 500 4310 interpolatis
519 4238 659 4293 oodioibus
677 4238 775 4293 illatus
794 4241 845 4304 est,
865 4237 998 4307 quoniam
1017 4237 1133 4292 eandem
1152 4236 1192 4291 ibi
1211 4239 1296 4312 atque

176 4313 208 4374 in
226 4311 424 4376 recentissimis
442 4311 522 4373 libris
540 4309 627 4372 habet
644 4310 777 4380 formam:
801 4310 927 4382 ,saecula
944 4307 1047 4370 vibet
