3286 4978
833 539 877 557 --
921 509 965 577 aa
1014 533 1054 557 --δ

458 682 563 750 'Recte
586 685 682 768 igItur
704 689 856 751 Lucienus
880 689 1043 750 Muellerus
1057 690 1081 765 1)
1107 684 1233 764 ediscit,
1258 683 1349 750 libius
1373 683 1504 750 familiae

384 780 562 856 exemplaria
586 781 725 855 (alteram
750 780 827 839 enim
851 798 909 839 non
926 782 1107 858 cognoverat
1123 780 1169 839 vir
1185 779 1304 858 doctus)
1331 785 1504 856 corruptam

382 870 478 947 magis
510 890 600 946 quam
631 870 841 946 interpolatam
873 869 1012 929 exhibere
1042 869 1239 945 scripturam3
1275 868 1504 946 Guelferbytani

383 962 487 1020 contra
514 959 659 1018 familiam
688 959 783 1037 magis
808 959 1021 1034 interpolatam
1045 979 1136 1034 quam
1161 963 1334 1035 corruptam
1358 977 1434 1029 esse,
1467 979 1503 1018 ex

383 1049 425 1108 eis
448 1055 525 1124 quae
549 1067 641 1123 supra
672 1048 911 1124 disputavimus,
944 1051 1079 1124 apparet.
1127 1047 1221 1119 Quam
1246 1050 1282 1107 ob
1307 1067 1369 1107 rem
1391 1048 1503 1107 iniuria

382 1136 529 1198 Aemilius
553 1138 751 1198 Baehrensius
764 1138 789 1213 2)
813 1139 868 1197 hoo
891 1137 1025 1212 posuisse
1048 1137 1179 1207 videtur,
1211 1137 1265 1197 ubi
1289 1136 1502 1213 Guelferbyta-

383 1246 439 1286 nus
464 1229 494 1287 et
517 1226 572 1285 AV
597 1228 675 1287 inter
699 1246 730 1286 se
752 1227 961 1297 dissentirent,
994 1227 1039 1284 his
1064 1224 1125 1284 iere
1149 1225 1357 1302 diffidendum,
1390 1227 1503 1286 abillo

384 1320 485 1376 autem
517 1316 574 1375 nisi
605 1319 642 1376 ob
676 1334 781 1376 causas
814 1316 1006 1394 gravissimas
1037 1333 1096 1374 non
1128 1314 1325 1375 recedendum
1360 1316 1503 1392 illiusque

383 1407 547 1481 scripturas
571 1425 624 1481 pro
649 1405 797 1482 germanis
821 1406 986 1466 communis
1009 1405 1171 1481 utriusque
1195 1405 1349 1482 archetypi
1366 1406 1502 1466 lectioni-

382 1498 438 1555 bus
468 1493 519 1578 (0)
551 1495 701 1555 habendas
735 1513 806 1554 esse.
860 1494 955 1554 Immo
986 1514 1056 1555 vero
1081 1495 1135 1554 hoc
1170 1495 1201 1552 in
1233 1495 1301 1554 crisi
1334 1494 1503 1555 Tibulliana

382 1584 548 1644 factitanda
571 1585 601 1642 iu
633 1584 809 1644 universum
834 1585 892 1644 erit
914 1585 1093 1656 tenendum,
1126 1584 1299 1659 ubicunque
1323 1583 1503 1660 Guelferby-

382 1673 447 1733 tani
476 1674 618 1734 lectiones
649 1674 772 1751 gravius
801 1694 818 1732 a
849 1674 1001 1735 codicibus
1032 1673 1089 1732 AV
1120 1673 1306 1750 discrepant,
1343 1694 1434 1750 quam
1468 1677 1504 1732 ut

382 1764 490 1822 horum
514 1764 681 1839 scripturae
705 1783 739 1823 ex
763 1763 821 1822 illis
845 1764 960 1840 possint
982 1763 1132 1838 profectae
1165 1782 1226 1824 esse
1257 1783 1373 1837 errore,
1404 1763 1434 1823 id
1459 1766 1504 1823 est

382 1852 556 1928 ubicunque
579 1853 740 1912 meditatae
763 1853 1002 1929 interpolationis
1026 1855 1129 1912 subest
1153 1853 1291 1928 suspitio,
1324 1852 1503 1929 Guelferby-

382 1945 453 2001 tano
479 1960 541 2000 esse
564 1941 777 2012 diffidendum,
809 1943 982 2019 ubicunque
1009 1944 1110 2000 autem
1135 1941 1279 2001 litterulis
1303 1946 1424 2002 tantum
1447 1942 1503 1999 im·

382 2031 525 2100 mutatis,
559 2029 589 2090 id
620 2034 665 2091 est
696 2031 854 2092 inscientia
885 2033 914 2091 et
945 2030 1137 2107 neglegentia
1168 2030 1335 2090 differentia
1368 2031 1504 2091 codicum

384 2123 486 2179 exorta
509 2121 648 2192 videtur,
681 2121 764 2181 illius
795 2120 856 2180 fere
887 2120 1051 2196 scripturas
1075 2119 1228 2179 codicibus
1252 2117 1308 2176 AV
1333 2137 1395 2178 esse
1419 2122 1502 2178 ante·

383 2211 542 2284 ponendas.

472 2325 529 2384 Sed
552 2326 624 2386 haec
648 2325 800 2384 hactenus.
849 2324 1011 2384 Videamus
1034 2324 1102 2396 iam,
1134 2342 1207 2382 num
1230 2323 1385 2383 historiam
1409 2323 1502 2383 libelli

330 2497 332 2504 Α
383 2414 548 2516 llibulliani
580 2414 716 2492 paullum
747 2415 874 2475 ulterius
904 2434 957 2490 per
987 2414 1119 2473 medium
1143 2431 1250 2473 aerum
1273 2413 1412 2491 persequi
1435 2432 1503 2490 pos-

384 2523 487 2568 simus.

632 2703 690 2757 111.
720 2703 849 2759 Stemma
866 2703 995 2758 codlourrr
1014 2703 1255 2762 Tibulllanorum.

475 2830 558 2901 Quae
581 2831 732 2892 Lucianus
756 2832 920 2892 Muellerus
951 2833 982 2892 in
1015 2834 1060 2894 ed.
1084 2834 1150 2897 Tib.
1175 2835 1268 2910 praef.
1294 2855 1345 2912 pg.
1370 2834 1417 2892 ΙΙΙ
1440 2852 1503 2910 sqq.

384 2921 420 2980 de
450 2921 562 2996 triplici
594 2921 760 2980 carminum
784 2921 1025 2982 Tibullianorum
1058 2923 1140 2984 fonte
1172 2945 1188 2983 a
1215 2924 1315 2984 codice
1343 2924 1505 2998 archetypo

385 3010 515 3085 quodam
540 3010 651 3070 saeculi
667 3010 742 3069 VIII
766 3015 832 3071 orto
855 3013 1033 3088 disputavit,
1058 3013 1138 3072 omni
1163 3013 1385 3089 probabilitatis
1409 3011 1506 3088 specie

385 3119 494 3173 carere,
520 3100 579 3159 iam
605 3119 641 3158 ex
665 3099 705 3159 eis
730 3119 808 3175 quae
832 3120 924 3176 supra
948 3101 984 3160 de
1009 3102 1155 3176 excerptis
1170 3101 1314 3160 Parisinis
1338 3101 1505 3162 codicibus·

385 3208 444 3264 que
467 3189 684 3248 recentioribus
707 3188 912 3261 disseruimus
947 3193 1080 3266 apparet.
1128 3189 1211 3248 Nihil
1235 3190 1313 3250 enirn
1337 3194 1391 3265 est,
1425 3191 1505 3266 quod

384 3278 567 3355 florilegium
591 3278 732 3354 gallicum
757 3299 792 3338 ex
815 3279 905 3339 tertio
930 3280 1102 3356 apographo
1126 3279 1267 3354 quodam,
1295 3280 1371 3339 libro
1396 3283 1505 3356 quarto

385 3369 508 3440 orbato,
541 3368 661 3426 fluxisse
695 3371 787 3444 atque
823 3371 962 3444 excerpta
996 3368 1172 3444 panegyrici
1207 3388 1241 3427 ex
1277 3369 1372 3429 altero
1407 3389 1506 3428 exem-

384 3456 459 3533 plari
490 3459 606 3536 integro
638 3458 766 3517 deducta
799 3457 1021 3528 existimemus3
1053 3458 1144 3516 immo
1168 3477 1267 3518 omnes
1291 3458 1405 3518 Tibulli
1436 3459 1506 3517 libri

385 3546 437 3622 qui
475 3546 562 3606 bodie
601 3566 722 3623 quoque
764 3551 867 3606 extant
905 3549 1022 3622 praeter
1051 3546 1252 3626 Frisingensia
1290 3551 1429 3624 excerpta
1470 3567 1506 3608 ex

383 3653 444 3693 uno
492 3636 653 3711 eodemque
701 3636 800 3697 codice
846 3636 1008 3711 archetypo
1054 3637 1220 3699 manavisse
1265 3639 1400 3710 constat,
1452 3637 1505 3712 qui
1626 3668 1627 3697 r

385 3725 476 3784 codex
510 3723 552 3800 Ο,
588 3725 698 3784 saeculi
733 3725 803 3785 noni
815 3723 840 3801 ⁸)
875 3726 1064 3796 membrana,
1105 3727 1203 3786 omnia
1229 3726 1341 3787 Tibulli
1375 3725 1507 3788 carmina

384 3834 445 3874 una
477 3834 545 3874 cum
579 3815 859 3890 pseudotibullienis
894 3817 1013 3890 praeter
1044 3815 1104 3874 duo
1136 3817 1189 3876 illa
1221 3817 1364 3892 Priapes,
1398 3817 1506 3891 utpote

385 3923 463 3978 quae
496 3904 666 3982 argumenti
698 3908 796 3964 essent
824 3903 980 3978 obscoeni,
1017 3905 1202 3980 continebat,
1235 3907 1364 3965 duorum
1394 3910 1431 3966 ut
1461 3905 1506 3964 ita

385 3993 481 4052 dicam
505 3993 637 4053 filiorum
661 3996 757 4068 pater,
782 4013 799 4052 a
823 3993 933 4069 quibus
957 3997 1075 4054 nostrae
1099 3996 1234 4056 codicum
1257 3994 1390 4056 familiae
1414 3994 1505 4071 origi·

476 4166 502 4233 l)
521 4168 634 4235 Catulli,
654 4169 724 4235 Tib„
744 4169 824 4240 Prop.
844 4187 928 4224 carm.
947 4171 1035 4240 praef.
1055 4189 1101 4242 pg.
1122 4171 1195 4226 XIII.

474 4265 501 4333 2)
520 4267 587 4322 edit.
606 4267 667 4322 Tib.
687 4268 793 4339 proleg.
813 4287 860 4338 pg.
879 4267 966 4324 XVII.

474 4363 501 4431 3)
521 4366 569 4420 clr.
589 4366 741 4422 Baehrensi
760 4367 801 4422 ed.
820 4369 927 4440 proleg.
946 4386 993 4439 pg.
1013 4367 1086 4423 XIX.
