3286 4978
639 449 855 508 *23-

187 628 218 684 et
240 623 298 681 iam
321 621 497 681 Franciscus
520 620 648 682 Paccius
671 619 842 680 coniectura
874 623 1028 681 assecutus
1052 619 1162 704 eratll)
1186 621 1307 682 exhibet

187 714 285 774 hunc:

344 798 492 858 Securum
515 799 545 858 in
569 798 700 860 tenebris
724 818 771 858 me
794 798 867 858 facit
891 818 953 858 esse
977 799 1089 870 Venus,

183 890 236 966 qui
276 907 382 948 versus
420 888 500 948 idem
531 889 563 948 in
601 889 701 948 codice
734 888 762 945 V
799 908 891 947 manu
922 889 1052 950 secunda
1090 889 1210 948 additus
1250 891 1304 948 est.

183 977 387 1038 ParisinusB
419 977 559 1038 lacunam
588 979 672 1038 illam
703 977 838 1056 itemque
868 977 1032 1038 Vaticanus
1065 983 1152 1044 2794
1185 979 1306 1054 supple·

183 1072 297 1128 verunt
320 1067 378 1126 ita:

348 1155 403 1216 Ille
425 1156 497 1215 deus
522 1158 620 1216 certae
643 1156 695 1216 dat
718 1155 791 1215 mihi
815 1156 902 1232 signa
925 1156 1002 1228 viae,

186 1247 219 1304 in
252 1245 403 1305 codicibus
431 1245 559 1322 denique
592 1264 723 1322 quorum
755 1264 932 1305 consensum
963 1245 1066 1305 littera
1098 1243 1119 1304 0
1149 1244 1308 1324 insignivit

188 1335 405 1406 Lachmannus,
429 1335 559 1395 Thomas
575 1334 701 1395 Senecae
717 1333 894 1412 Gamertis²)
917 1336 1119 1395 commentum
1135 1337 1218 1394 extat
1233 1334 1305 1394 hoc:

348 1423 499 1484 Praesidio
522 1425 617 1485 noctis
640 1424 736 1485 sentio
761 1425 861 1484 adesse
884 1426 980 1485 deam.

187 1515 333 1574 Jovianus
357 1514 513 1573 Pantanus
544 1515 576 1572 in
600 1513 626 1572 G
648 1513 758 1573 codicis
781 1515 889 1574 lacuna
912 1513 1045 1574 addidit:

347 1603 451 1680 Usque
474 1623 575 1662 meum
598 1605 699 1663 custos
723 1604 863 1663 adlatus
887 1603 991 1663 haeret
1015 1621 1107 1662 amor.

273 1693 309 1750 In
333 1693 439 1752 ceteris
463 1692 615 1754 codicibus
638 1694 710 1752 haec
733 1693 781 1753 vel
802 1693 861 1752 alia
876 1693 1084 1769 supplementa
1098 1691 1305 1762 inveniuntur,

185 1782 323 1842 velutin
348 1782 447 1842 codice
470 1781 669 1843 bibliothecae
692 1782 898 1842 universitatis
921 1781 1105 1842 Monacensis
1128 1781 1176 1840 hic
1200 1799 1306 1840 versus

187 1873 317 1950 legitur:

345 1961 413 2020 Non
437 1960 511 2019 mihi
534 1965 620 2021 nocte
643 1961 739 2037 quies,
763 1980 822 2020 non
845 1960 919 2019 mihi
942 1962 1030 2020 noete
1052 1977 1149 2034 sopor.

187 2049 295 2109 Contra
326 2050 356 2108 in
388 2051 488 2110 tribus
511 2051 588 2122 illis,
621 2069 751 2126 quorum
772 2051 916 2111 lectiones
938 2049 1101 2108 Baehrensi
1124 2067 1231 2124 operae
1254 2049 1305 2108 de-

183 2142 298 2213 hemus
323 2140 475 2200 codicibus
491 2139 566 2198 nihil
583 2139 645 2200 tale
660 2141 758 2216 prima
773 2160 866 2200 manu
881 2139 1028 2216 scriptum
1051 2139 1137 2214 potes
1160 2137 1305 2214 reperire:

182 2229 299 2288 codices
331 2230 358 2287 A
382 2229 463 2289 etV
493 2230 556 2289 sine
578 2229 737 2291 intervallo
770 2248 874 2290 versus
899 2235 940 2295 25
973 2232 1003 2288 et
1035 2232 1075 2292 27
1104 2228 1305 2306 coniungunt,

183 2319 247 2394 (ille
263 2321 382 2377 tantum
399 2319 430 2376 in
453 2319 588 2398 margine
612 2320 797 2396 adscriptum
821 2320 941 2379 exhibet
967 2316 1118 2393 ,deficit“,
1144 2317 1192 2376 hic
1205 2336 1306 2384 ,manu

183 2409 348 2483 posteriorc
371 2408 520 2486 Aurispae
541 2412 743 2469 commentum
755 2411 901 2486 praebet),
921 2407 1180 2483 Guelferbytanus
1204 2409 1306 2466 autem

185 2497 382 2557 interstitium
397 2498 489 2557 unius
505 2516 608 2558 versus
625 2499 760 2575 reliquit,
784 2499 899 2574 inquo
923 2497 1052 2557 Pontani
1076 2515 1191 2572 versus,
1216 2516 1306 2574 quem

186 2587 471 2662 supramemoravi,
496 2589 591 2647 altera
615 2608 707 2647 manu
731 2588 850 2648 additus
875 2590 930 2648 est.

273 2675 432 2736 Praeterea
462 2680 530 2753 post
560 2695 681 2736 versum
711 2677 753 2748 ΙΙ,
780 2683 809 2752 3,
837 2682 876 2741 15
910 2677 1001 2736 codex
1033 2677 1061 2734 A
1084 2674 1188 2736 statim
1220 2674 1306 2733 nullo

183 2765 347 2825 interstitio
370 2767 476 2826 relicto
499 2767 623 2842 praehet
646 2783 767 2827 versum
794 2771 845 2839 16,
870 2764 896 2825 G
919 2766 951 2824 in
974 2766 1071 2842 spatio
1096 2765 1192 2825 altera
1214 2783 1306 2822 manu

182 2856 328 2931 scriptum
353 2855 473 2915 exhibet
495 2855 624 2914 Pontani
647 2873 786 2915 versum:

343 2944 379 3004 In
403 2964 508 3006 nemus
532 2947 563 3006 et
585 2947 687 3021 pastas
710 2945 779 3006 inde
802 2945 913 3006 referre
936 2945 1077 3017 domum;

181 3034 288 3094 deinde
311 3033 395 3112 signo
420 3035 556 3111 apposito
580 3034 612 3094 in
635 3035 771 3112 margine
794 3035 935 3095 inferiore
954 3035 1056 3094 eadem
1071 3051 1179 3092 manus
1197 3031 1306 3092 adiecit

181 3123 252 3198 hoc,
286 3142 362 3199 quos
385 3125 458 3188 item
482 3145 500 3183 a
523 3124 659 3184 Pontano
692 3125 847 3201 suppletus
880 3143 943 3186 esse
970 3126 1101 3184 testatur
1126 3121 1304 3182 Franciscus

181 3213 329 3274 Puccius:

341 3303 409 3380 Ipse
432 3305 463 3362 et
485 3303 638 3378 spumanti
661 3303 777 3380 primus
799 3303 958 3363 multralia
981 3307 1085 3362 succo·

388 3392 531 3468 Implesse
555 3394 700 3469 expressis
724 3392 822 3452 fertur
845 3395 883 3454 ab
906 3392 1081 3455 huberibus.

181 3480 346 3541 Vaticanus
369 3481 397 3538 V
422 3500 526 3542 versus
549 3482 618 3542 inde
642 3503 659 3542 a
683 3483 813 3542 carmine
836 3482 877 3553 H,
904 3487 933 3554 2,
960 3487 1002 3546 20
1025 3500 1122 3557 usque
1145 3480 1182 3539 ad
1205 3479 1246 3553 II,
1272 3483 1302 3550 3,

181 3576 222 3635 53
249 3570 365 3643 omisit3
391 3571 556 3630 Vaticanus
575 3576 661 3637 2794
684 3575 788 3631 contra
809 3572 865 3632 hoo
888 3572 952 3632 loco
975 3569 1159 3647 interposuit
1174 3568 1303 3630 Senecae

180 3664 396 3720 commentum:

341 3767 481 3828 Greditur
504 3767 540 3826 ad
564 3768 724 3828 mulctram
748 3767 940 3828 constituisse
962 3767 1057 3845 priua,

272 3995 298 4063 1)
317 3997 389 4051 Vide
407 3995 581 4052 Lachmanni
599 4000 728 4066 apparat.
748 3997 810 4052 crit.
830 3997 867 4051 ad
885 3996 959 4050 hunc
977 3997 1078 4050 locum.

270 4084 358 4152 2)De
378 4104 432 4156 quo
451 4086 606 4141 carminum
624 4086 826 4157 interpolatore
844 4087 919 4142 circa
945 4105 970 4141 a.
992 4086 1060 4139 1392
1079 4088 1161 4150 nato,
1187 4103 1211 4140 a.
1233 4084 1299 4138 1431

179 4177 228 4212 ma
251 4159 317 4214 'stro
339 4159 451 4230 publico
478 4158 555 4213 urbis
574 4159 729 4224 Bononiae,
748 4163 856 4229 posta.
877 4158 947 4211 1454
970 4157 1091 4212 Arimini
1117 4160 1227 4212 mortuo
1252 4158 1300 4211 cfr.

179 4177 358 4300 GVoigtp
352 4231 370 4285 l.
389 4248 413 4285 c.
433 4248 479 4301 p.g
500 4229 552 4282 583
572 4247 631 4298 sqq.
652 4232 681 4284 et
705 4200 776 4300 A’ng.
795 4231 850 4288 Bat
837 4230 954 4304 ttaglini
973 4229 1048 4303 apud
1066 4228 1211 4286 Basiuium
1236 4246 1300 4301 opp.

179 4302 357 4376 tom.1.1pg
381 4306 388 4353 l
396 4321 468 4376 ,.pg
488 4303 530 4369 91,
549 4301 669 4358 Arimini
688 4302 766 4358 1794.
