3286 4978
794 473 1014 536 ..32-

345 648 381 724 G,
395 645 482 710 uc:
518 668 572 709 neo
605 647 744 720 mallem,
780 647 845 709 AV
875 649 1041 710 omiserunt
1066 653 1156 726 „uec“
1194 651 1240 711 ita
1274 656 1311 712 ut
1345 652 1464 713 libriB

344 739 440 800 scriba
466 738 604 812 „mallem
627 741 766 814 quoque“
793 739 978 803 restitueret.
1010 739 1064 812 IV,
1091 744 1119 811 5,
1146 743 1205 805 16:
1230 741 1309 801 AV:
1340 743 1464 818 posthac

344 828 477 905 soluisse,
511 827 554 886 B:
579 828 702 902 posthae
734 829 904 903 exsoluisse,
938 827 974 903 G,
984 825 1067 890 A¹O:
1091 831 1215 907 posthac
1245 849 1298 890 nos
1329 831 1463 891 soluisse.

433 932 490 994 Sed
513 952 572 993 non
607 933 705 994 solum
730 955 765 996 ex
799 957 860 1012 qua
892 936 1007 995 familie
1041 940 1126 997 ortus
1157 937 1197 998 sit
1226 937 1388 1010 Parisinus
1413 939 1464 998 sed

345 1024 435 1086 etiam
453 1044 488 1084 ex
500 1043 559 1100 quo
576 1024 675 1084 codice
691 1024 822 1096 fluxerit,
847 1025 926 1085 omui
942 1025 1004 1085 fere
1020 1026 1210 1088 dubitatione
1223 1029 1343 1089 sublata
1366 1029 1464 1105 potest

345 1113 418 1174 erui.
466 1113 586 1172 Etenim
619 1134 800 1191 quemquam
823 1115 898 1173 duas
921 1112 974 1172 has
997 1115 1139 1174 lectiones
1160 1117 1348 1194 singulares:
1382 1117 1407 1189 Ι,
1433 1119 1463 1192 6,

345 1207 404 1269 38:
429 1203 581 1278 detracto,
607 1206 636 1262 et
659 1203 685 1276 Ι,
711 1209 740 1277 9,
771 1208 827 1268 19:
853 1200 877 1262 Ο
900 1202 985 1282 uitiis
1009 1221 1078 1261 cum
1101 1203 1248 1264 Vaticano
1271 1208 1362 1268 habet
1386 1227 1464 1268 oom-

344 1310 464 1363 muues,
497 1311 571 1369 quas
599 1292 678 1370 ipsas
702 1311 773 1352 casu
797 1291 845 1351 vel
869 1291 1099 1367 interpolatione
1122 1292 1257 1353 extitisse
1280 1296 1344 1354 veri
1368 1297 1465 1355 simile

345 1382 431 1457 est¹)‚
455 1384 555 1440 tamen
579 1381 676 1441 multo
699 1381 794 1440 maior
816 1398 885 1455 pars
908 1380 1072 1439 leotiouum
1095 1399 1213 1454 earum,
1239 1383 1350 1456 quibus
1374 1386 1464 1445 codex
1508 1439 1510 1444 .

345 1471 562 1532 Ambrosianus
586 1490 603 1528 a
626 1470 771 1530 Vaticano
795 1469 962 1545 discrepat,
995 1469 1025 1526 in
1050 1468 1184 1528 Parisino
1215 1489 1336 1545 quoque
1359 1471 1464 1546 depre-

346 1560 503 1632 henditur;
529 1560 602 1636 quin
626 1558 797 1635 saepissime
816 1559 864 1618 vel
880 1558 1088 1618 minutissimis
1112 1558 1267 1636 scripturis
1291 1562 1463 1636 congruunt

345 1650 400 1721 illi,
425 1650 527 1710 velut:
553 1645 577 1723 Ι,
602 1654 632 1723 4,
658 1653 718 1713 44:
743 1647 845 1708 ABo:
870 1648 999 1723 amiciet,
1023 1648 1100 1708 VG:
1118 1648 1265 1723 enuntiat,
1290 1645 1393 1708 A¹de:
1411 1647 1462 1707 ad·

346 1739 459 1813 mittat,
484 1738 564 1816 quod
587 1758 693 1798 verum
717 1757 779 1797 esse
803 1738 947 1815 apparet3
977 1758 1136 1815 possumus
1153 1739 1239 1799 'enirn
1270 1759 1306 1799 ex
1329 1737 1464 1799 codicum

346 1828 410 1887 AV
419 1827 449 1887 G·
459 1829 641 1891 lectionibus
653 1828 832 1904 scripturam
845 1827 999 1904 archetypi
1013 1831 1093 1889 certo
1106 1829 1283 1890 restituere:
1304 1828 1461 1904 „eminas

346 1919 395 1979 vel
432 1919 602 1992 „anutiat“‚
638 1937 715 1994 quae
749 1917 807 1976 nisi
841 1937 877 1977 ex
914 1918 1076 1992 „emittes
1109 1917 1230 1978 fluxisse
1263 1938 1320 1978 uou
1356 1919 1464 1995 potest.

346 2007 371 2079 Ι,
397 2012 427 2079 4,
453 2014 508 2074 81:
534 2005 612 2066 AB:
637 2006 768 2078 Heheu,
793 2007 903 2067 ceteri:
928 2005 1078 2070 Heuheu.
1111 2007 1136 2080 Ι,
1155 2011 1184 2077 5,
1203 2011 1239 2070 2:
1264 2006 1341 2065 AB:
1366 2007 1465 2078 sortiS,

347 2097 438 2158 ceteri
464 2099 561 2158 recte:
586 2097 682 2157 fortis.
719 2097 743 2167 Ι,
773 2101 803 2168 6,
830 2083 886 2161 12:
911 2093 1044 2167 AB,A¹:
1068 2107 1152 2164 tunc,
1176 2094 1241 2154 VG
1261 2095 1352 2154 falso:
1377 2115 1465 2154 nuuc.

348 2185 372 2261 Ι,
398 2191 428 2260 6,
454 2191 513 2251 63:
546 2186 588 2245 A:
614 2205 657 2256 ao,
681 2186 724 2245 B:
758 2185 832 2260 Hac,
865 2186 972 2246 ceteri:
1009 2186 1060 2245 At.
1086 2184 1110 2256 Ι,
1137 2190 1166 2255 8,
1193 2188 1231 2248 2:
1264 2183 1343 2242 AB:
1376 2184 1464 2258 feret,

348 2276 451 2336 ceteri:
475 2276 585 2339 ferant.
608 2274 633 2349 I,
662 2280 712 2347 10,
738 2279 794 2339 21:
819 2274 895 2332 AB:
920 2295 991 2347 uva,
1016 2275 1121 2335 ceteri:
1145 2293 1246 2335 uvam.
1282 2272 1323 2347 ΙΙ,
1349 2277 1379 2345 3,
1405 2277 1464 2337 36:

348 2365 450 2427 ABc:
477 2368 538 2438 est,
568 2364 676 2425 ceteri:
709 2382 748 2423 es.
782 2363 823 2438 ΙΙ,
850 2370 879 2435 5,
906 2369 961 2429 76:
994 2363 1075 2422 AB:
1109 2363 1221 2434 amuis,
1251 2363 1343 2423 ceteri
1366 2366 1464 2422 recte:

349 2473 453 2519 annus.
477 2454 535 2528 ΠΙ,
562 2459 591 2529 3,
617 2459 676 2518 38:
702 2453 782 2516 AB:
807 2454 914 2514 orchus
937 2472 991 2530 pro
1018 2457 1156 2528 „orous“.
1188 2451 1242 2524 IV,
1265 2457 1293 2527 l,
1319 2456 1394 2517 148:
1420 2451 1465 2509 A:

348 2562 410 2604 sese
445 2544 565 2604 offerret
600 2543 689 2602 armis
726 2539 832 2623 (parvo
868 2546 996 2619 errore),
1033 2543 1114 2620 quod
1136 2541 1255 2602 libriB
1286 2542 1400 2613 scriba,
1431 2543 1467 2600 ut

348 2633 448 2693 versui
481 2636 678 2704 succurreret,
714 2633 843 2694 correxit
877 2633 925 2692 iu:
958 2651 990 2693 se
1021 2633 1142 2694 offerret
1171 2631 1201 2691 iu
1234 2631 1341 2703 armis3
1377 2631 1468 2691 ceteri

347 2725 447 2783 recte:
480 2742 543 2783 sese
576 2723 680 2784 offeret
711 2723 811 2784 armis.
844 2721 869 2797 Ι,
894 2728 923 2794 4,
951 2727 989 2788 51
1016 2722 1144 2799 denique
1176 2741 1245 2782 oum
1268 2740 1384 2797 semper
1406 2720 1467 2780 fere

264 2826 268 2837 ·
349 2810 377 2869 A
400 2814 431 2870 et
454 2812 479 2870 Β
503 2815 666 2889 praebeant
693 2813 873 2890 scripturam
901 2815 1103 2889 „temptare“,
1127 2813 1158 2870 iu
1182 2813 1210 2870 A
1235 2813 1333 2871 extat:
1374 2813 1468 2883 „tem-

349 2901 481 2977 ptabis“,
505 2903 598 2961 tertia
613 2902 732 2962 litterae
755 2923 785 2961 rn
811 2902 921 2961 lineola
944 2902 1109 2978 litteraque
1132 2921 1152 2977 p
1175 2899 1362 2975 suppuratis,
1387 2897 1417 2954 in
1441 2895 1467 2952 B

348 3009 419 3050 vero
442 2992 589 3067 scriptum
613 2994 658 3051 est
683 2991 865 3067 „tentabis“.
913 2989 1155 3065 Quae-exempla
1178 2987 1283 3046 multis
1308 2985 1374 3046 aliis
1398 3003 1466 3060 pos-

349 3083 421 3140 sunt
444 3081 565 3159 augeri,
596 3081 641 3139 ita
670 3084 707 3139 ut
735 3099 772 3138 ne
804 3079 926 3138 minime
949 3079 1070 3155 quidem
1101 3077 1202 3136 credas
1226 3094 1311 3152 posse
1333 3073 1468 3134 dubitari

350 3170 423 3245 quin
453 3170 544 3230 codex
575 3169 729 3229 Parisinus
763 3189 798 3228 ex
829 3167 1026 3227 Ambrosiauo
1060 3166 1100 3225 sit
1131 3165 1308 3241 descriptus.
1355 3163 1467 3223 Tamen

350 3262 440 3319 eruut
463 3259 589 3320 fortasse
620 3259 674 3336 qui
704 3258 792 3319 aliter
814 3257 929 3318 factum
960 3275 1022 3317 esse
1046 3255 1215 3331 opinentur.
1262 3254 1367 3314 Potest
1390 3253 1468 3313 euim

441 3543 467 3612 1)
487 3543 576 3610 Quam
596 3543 679 3598 facile
698 3544 728 3598 in
746 3543 800 3598 tali
818 3541 971 3598 sententia:

537 3643 651 3697 Divitiis
670 3645 768 3713 captus
787 3643 874 3710 siquis
893 3639 1011 3696 violavit
1029 3654 1152 3694 amorem
1171 3655 1193 3693 e.
1213 3656 1239 3707 q.
1260 3657 1280 3693 s.

351 3739 497 3810 utriusque
516 3741 618 3795 codicis
638 3740 768 3795 librarius
787 3740 911 3812 potuerit
930 3737 1039 3802 adduci,
1059 3740 1091 3791 ut
1108 3755 1204 3792 rocem
1233 3733 1378 3802 „Divisis”
1406 3752 1469 3788 cum

355 3811 392 3878 ,Ο
412 3811 507 3867 viciis*
536 3815 672 3878 mutaret,
696 3829 777 3867 nemo
802 3829 858 3866 uon
881 3809 1198 3882 perspicitplectionem
1217 3825 1281 3863 vero
1311 3804 1466 3873 „detracto“

352 3901 418 3939 casu
436 3885 466 3938 iu
484 3883 510 3938 V
530 3887 559 3939 et
577 3885 599 3938 B
619 3887 743 3948 exortam
773 3901 845 3948 esse,
871 3897 966 3938 omues
990 3881 1060 3935 mihi
1085 3880 1246 3945 concedent,
1279 3879 1411 3948 quoniam
1436 3895 1470 3930 ex

352 3957 452 4012 ceteris
465 3955 544 4010 libris
557 3956 684 4010 omnibus
706 3953 860 4021 „deseces
882 3955 912 4009 iu
923 3953 1076 4023 archetypo
1090 3955 1236 4007 exaratum
1247 3952 1332 4007 fuisse
1344 3949 1469 4029 apparet:

352 4028 438 4082 Pauci
450 4028 552 4096 reliqui
565 4028 627 4093 loci,
647 4028 747 4096 quibus
761 4028 783 4080 B
796 4044 852 4081 una
864 4045 926 4081 cum
941 4025 965 4078 V
979 4025 1133 4093 ceterisque
1146 4024 1225 4078 libris
1238 4023 1273 4078 ab
1294 4019 1470 4076 Ambrosium

395 4192 401 4226 :
495 4187 940 4237 :iuve,ceer1reo:1uva.
1001 4210 1051 4234 ‚‚
1114 4187 1120 4221 ε
1247 4186 1252 4219 :
1464 4203 1470 4225 ‚

353 4244 439 4298 ceteri
457 4247 547 4300 recte:
567 4244 644 4298 dicat
662 4260 739 4314 opus.
757 4242 804 4305 IV,
824 4242 848 4306 5,
869 4242 900 4296 d:
919 4243 955 4295 A:
975 4241 998 4294 si
1017 4239 1070 4294 tibi
1090 4255 1124 4294 ne
1144 4239 1178 4292 de
1196 4236 1284 4299 nobie,
1304 4233 1388 4290 ceteri
1403 4232 1467 4299 „ue“

354 4315 515 4382 omiserunt,
535 4333 552 4370 a
570 4314 684 4369 librario
703 4315 737 4369 de
756 4331 804 4368 suo
823 4313 955 4368 videntur
973 4310 1122 4366 emendati.
