3286 4978
777 444 993 503 ..58-

325 614 493 675 mntatione
515 619 635 692 recepta
659 617 893 688 commendavit,
930 617 981 677 illo
1005 619 1085 676 certe
1109 617 1183 677 vitio
1207 622 1298 679 11111.
1346 618 1444 678 Versu

326 704 404 763 enim
429 704 568 764 vicesimo
592 705 697 780 quinto
720 706 764 765 111
787 706 934 767 formato:
962 707 1045 780 „Iam
1068 707 1141 765 mihi
1164 708 1223 766 iam
1240 709 1350 784 possim
1375 728 1444 768 con-

324 796 446 852 tentus“
474 815 498 854 1.
524 815 552 871 q.
577 813 621 871 sq.
646 795 723 854 duae
746 795 816 855 illae
839 797 1003 855 sententiae
1036 816 1113 871 quae
1142 797 1279 857 versibus
1304 803 1321 861 5
1347 799 1378 856 et
1402 803 1443 861 ‘26

325 883 536 942 continentur:
564 884 630 958 „Me
653 905 720 944 mea
742 888 904 960 paupertas
929 885 993 945 vita
1012 886 1154 945 traducat
1169 887 1278 946 inerti“
1306 888 1336 945 et
1363 887 1445 961 „Nec

325 971 434 1047 possim
458 972 564 1050 longae
586 973 705 1032 deditus
730 991 791 1033 esse
816 975 913 1045 viae“,
939 993 1013 1049 quas
1045 975 1193 1050 particula
1220 977 1312 1049 ,dum
1334 977 1441 1035 modo“

324 1060 404 1119 inter
436 1079 466 1120 se
500 1081 558 1121 non
581 1080 665 1138 posse
696 1063 810 1123 conecti
841 1082 932 1138 supra
964 1063 1100 1123 docuisse
1122 1064 1195 1122 mihi
1220 1065 1340 1136 videor,
1364 1068 1444 1125 recte

325 1149 542 1227 disiunguntur
573 1151 617 1210 ita
649 1155 686 1210 ut
719 1152 812 1212 altero
844 1152 971 1213 disticho
1005 1153 1084 1211 idem
1115 1154 1194 1228 quod
1226 1153 1324 1229 priore
1355 1158 1444 1229 poeta

325 1239 551 1312 enuntiaverat,
586 1241 684 1300 verbis
715 1241 841 1300 mutatis
871 1244 976 1300 votum
1009 1244 1175 1317 repetatur.
1228 1240 1334 1318 Neque
1367 1263 1444 1318 quae

324 1327 522 1389 Baehrensius
552 1330 622 1390 huic
654 1330 840 1390 coniecturae
871 1330 980 1390 obiecit
1003 1331 1104 1408 magni
1127 1331 1262 1390 facienda
1285 1332 1442 1404 videntur3

324 1418 476 1476 contendit
500 1418 577 1478 enim
601 1420 727 1479 viriste
750 1420 856 1479 doctus
879 1440 916 1479 ne
939 1419 982 1479 sic
1006 1420 1127 1495 quidem
1157 1420 1187 1478 id
1212 1422 1293 1495 quod
1316 1421 1443 1480 Mueller

324 1507 355 1564 in
379 1507 615 1584 Frisingensium
643 1509 792 1584 scriptura
825 1508 997 1579 offenderit,
1031 1527 1092 1568 esse
1125 1510 1297 1581 sublatum,
1332 1511 1444 1570 scilicet

324 1596 404 1673 qnod
427 1595 565 1656 Tibullus
589 1600 626 1656 ut
648 1598 704 1668 sibi
728 1598 831 1658 liceret
854 1601 1030 1658 contentum
1053 1598 1154 1657 vivere
1177 1618 1285 1674 parvo,
1309 1599 1341 1656 in
1365 1600 1443 1659 11111

324 1685 433 1745 habere
456 1705 515 1745 non
538 1688 704 1762 potuisset,
736 1687 878 1763 quoniam
901 1690 938 1746 ut
960 1688 1015 1747 hoo
1040 1688 1066 1746 ei
1089 1687 1290 1764 contingeret,
1316 1707 1375 1747 non
1399 1690 1443 1747 al·

324 1774 419 1833 terius
442 1776 651 1836 benevolentia
674 1779 861 1852 potestesse,
894 1777 945 1835 sed
968 1776 1042 1834 nihil
1066 1777 1123 1836 nisi
1145 1777 1240 1851 ipsius
1265 1779 1372 1852 poetae
1395 1798 1443 1836 11-

324 1863 449 1922 bitrium
473 1868 564 1941 atque
588 1871 669 1925 certa
693 1866 834 1926 voluntas
858 1885 933 1941 opus
956 1865 1073 1924 fuisset.
1120 1864 1177 1925 Sed
1200 1867 1272 1925 haec
1295 1867 1444 1927 sententia

324 1973 341 2012 a
364 1952 544 2012 Baehrensio
567 1953 631 2029 ipso
655 1955 812 2029 refellitur,
838 1975 907 2014 oum
930 1973 1016 2013 suam
1039 1974 1143 2014 versus
1159 1955 1390 2028 restitutionem,
1412 1956 1443 2013 in

324 2061 415 2117 quam
439 2043 541 2102 eadem
563 2043 616 2102 1111
640 2045 787 2120 quadrare
809 2045 915 2120 liquet,
939 2047 1019 2103 recte
1042 2044 1098 2104 hac
1120 2044 1368 2120 interpretatione
1391 2046 1442 2104 de·

324 2130 442 2190 tendat:
475 2133 547 2191 dnm
578 2134 665 2192 modo
694 2152 747 2209 per
770 2137 980 2209 paupertatem
1004 2151 1107 2192 securo
1131 2133 1233 2192 vivere
1255 2134 1329 2193 mihi
1352 2134 1442 2195 liceat

325 2218 472 2300 („wofern
495 2241 553 2280 nur
575 2223 672 2282 meine
694 2223 814 2282 armutb
838 2223 895 2282 frei
918 2223 959 2282 ist
982 2240 1041 2281 von
1064 2222 1251 2304 sorgen“)¹).

413 2325 635 2398 Quamobrem
659 2330 796 2388 Muelleri
819 2348 922 2389 versus
947 2329 1183 2390 emendationem
1211 2348 1371 2405 possumus
1395 2349 1442 2389 ao-

324 2415 430 2491 oipere,
454 2417 511 2476 nisi
536 2418 601 2477 aliis
625 2419 836 2495 prohibeamur
858 2419 1036 2479 rationibus.

413 2505 470 2566 Sed
494 2507 553 2566 iam
584 2508 637 2567 hos
668 2526 772 2568 versus
803 2508 906 2567 missos
937 2508 1082 2567 faciamus
1115 2510 1145 2567 11
1168 2527 1241 2565 num
1264 2507 1295 2564 in
1318 2508 1443 2583 reliquis

322 2595 461 2654 carminis
484 2596 633 2656 iuncturis
658 2597 711 2656 bac
734 2598 931 2658 distichorum
954 2598 1130 2657 traiectione
1147 2597 1265 2672 recepta
1281 2615 1442 2657 concursus

322 2684 483 2744 verborum
507 2686 582 2745 11111
606 2690 697 2763 atque
721 2686 871 2747 dilucidus
896 2687 1013 2758 evadat,
1038 2704 1227 2762 quaeramus.

411 2790 516 2852 Altera
549 2792 660 2871 elegiae
691 2793 885 2853 commissura
916 2794 998 2852 extat
1029 2795 1098 2850 ante
1129 2811 1250 2852 versum
1281 2793 1443 2868 septimum

323 2881 510 2956 apertissima
533 2886 563 2942 et
586 2882 772 2958 pravissima.
820 2882 898 2952 Quid
930 2883 1009 2941 enim
1040 2882 1097 2941 sibi
1129 2883 1235 2941 volunt
1267 2900 1373 2942 versus
1395 2881 1441 2939 1111

321 2970 466 3047 septimus
498 2973 528 3030 11
551 2974 675 3031 octavus
700 2972 811 3047 quibus
834 2975 923 3047 poeta
945 2971 1094 3030 rusticum
1126 2990 1189 3031 sese
1211 2971 1351 3030 futurum
1375 2989 1441 3048 pro-

322 3058 427 3119 fitetur
437 3080 444 3119 :

482 3177 550 3253 Ipse
574 3196 668 3237 seram
692 3180 810 3236 teneras
834 3188 953 3236 maturo
977 3179 1111 3252 tempore
1134 3175 1210 3234 vites

483 3267 680 3327 Rusticus
705 3270 735 3326 et
758 3265 839 3325 facili
862 3266 987 3344 grandia
1010 3285 1099 3342 poma
1122 3283 1223 3339 manu,

323 3381 395 3458 qnid
419 3381 449 3440 hi
473 3381 529 3442 sibi
552 3384 670 3453 volunt,
694 3382 836 3457 inquam,
870 3383 895 3441 si
926 3382 987 3440 iam
1018 3401 1071 3457 per
1103 3384 1169 3440 octo
1193 3399 1298 3440 versus
1323 3386 1441 3442 antece·

322 3471 425 3530 dentes
446 3471 553 3532 rustici
584 3491 674 3547 opera
706 3475 798 3547 atque
820 3472 936 3532 labores
960 3489 1023 3531 sese
1053 3470 1228 3529 subiturum
1251 3471 1368 3531 dixerat
1391 3471 1441 3529 Ti·

322 3560 449 3620 bullus?
485 3559 598 3622 Hocine
621 3564 771 3637 postremo
796 3562 859 3621 loco
883 3562 1002 3637 poetam
1018 3559 1152 3635 posuisse
1176 3561 1368 3633 arbitremur,
1392 3561 1438 3619 in·

413 3791 439 3859 1)
459 3792 538 3857 Quod
556 3792 717 3847 Protzenius
740 3811 786 3863 pg.
801 3793 817 3845 9
837 3793 926 3847 libelli
945 3792 988 3846 sui
1006 3792 1135 3848 Muelleri
1153 3792 1377 3848 emendationem
1396 3793 1442 3847 Τ1-

322 3864 442 3920 bulliani
460 3864 593 3919 sermonis
618 3863 796 3934 simplicitati
821 3882 877 3918 non
902 3864 971 3918 satis
996 3868 1093 3934 aptam
1119 3882 1177 3918 1111
1202 3863 1285 3928 dicit,
1309 3865 1441 3932 quoniam

323 3937 434 3992 dativus
452 3936 501 3990 ille
521 3936 628 3990 ethicus
647 3935 695 4003 qui
714 3939 757 3989 est
779 3935 888 4000 ,mihi“,
907 3936 990 3990 nimis
1010 3935 1164 4005 exquisitus
1184 3938 1269 4000 esset,
1288 3935 1340 3990 hoc
1359 3937 1442 3990 nihili

324 4011 374 4063 est.
412 4009 503 4076 Atque
531 4008 565 4062 de
592 4006 715 4062 eiusdem
739 4007 793 4060 viri
815 4007 891 4062 docti
910 4008 1040 4078 opinione
1062 4025 1163 4077 ,parvo
1182 4009 1345 4062 contentum
1364 4007 1438 4063 1111ιι

322 4079 397 4134 idem
422 4080 515 4135 valere
541 4078 680 4134 censentis
706 4080 791 4147 atque
820 4079 864 4144 ,in
883 4079 940 4134 otio
964 4080 1062 4150 opibus
1086 4079 1142 4133 frui
1160 4077 1290 4133 modicis¹⁴
1313 4096 1348 4132 ne
1367 4080 1441 4150 cogi·

323 4152 441 4206 tandum
468 4151 596 4219 quidem;
624 4167 768 4218 nunquam
796 4151 870 4205 eninr
898 4151 1064 4206 vocabulum
1090 4148 1266 4216 ,contentus“
1297 4151 1394 4205 eadem
1412 4150 1441 4206 vi

324 4241 380 4292 qna
397 4240 451 4277 vox
474 4226 571 4277 nostra
592 4221 947 4292 ῃ1111111111,1111111111,
976 4223 1052 4292 apud
1076 4222 1265 4276 Romanorum
1293 4221 1440 4292 scriptores

322 4294 465 4350 invenitur
483 4294 649 4362 adhibitum,
669 4294 717 4350 sed
736 4310 799 4350 eum
818 4295 907 4349 solum
926 4294 1067 4365 significet
1083 4292 1132 4362 qui
1144 4292 1252 4360 aliquid
1264 4293 1333 4347 11111
1346 4293 1440 4348 habet.
