3286 4978
741 517 958 577 -52-

289 690 395 766 quinto
418 689 702 766 opportunissimam
722 709 865 750 versuum
890 697 968 768 5sq.
994 691 1139 752 contineri
1162 691 1409 768 explicationem

288 779 341 837 illo
376 779 455 839 enim
488 780 568 855 quod
591 780 672 838 vitae
706 780 811 839 inertis
846 799 939 858 genus
963 800 1053 840 versu
1083 781 1190 857 quinto
1218 781 1410 852 intellexerit,

288 869 491 943 demonstrat,
524 870 579 928 hoc
611 869 791 929 sententiam
820 888 925 930 versus
955 871 1031 929 sexti
1062 870 1155 946 (Dum
1177 889 1262 930 meus
1286 869 1411 930 adsiduo

287 958 389 1017 luceat
419 958 490 1036 igne
516 957 613 1034 focus)
645 959 732 1018 tenui
765 959 816 1017 filo
851 960 980 1019 deducit.
1026 959 1103 1018 Tum
1126 960 1302 1038 religionem
1325 978 1411 1018 suam

286 1051 394 1124 utpote
426 1067 486 1123 qua
516 1066 582 1124 spes
613 1067 668 1106 sua
699 1049 826 1122 nitatur,
850 1048 1055 1124 pietatemque
1078 1067 1149 1127 ergo
1171 1049 1241 1108 deos
1265 1049 1411 1126 agricolas

287 1136 440 1207 describit,
466 1156 596 1212 quorum
619 1138 725 1198 seriem
747 1138 820 1213 ipsis
836 1138 982 1215 praedioli
998 1139 1139 1214 pauperis
1154 1138 1299 1214 petronia,
1323 1138 1410 1197 Lari·

286 1226 345 1285 bus
361 1226 534 1285 memoratis
550 1227 710 1288 concludit.
751 1225 831 1286 Olim
847 1227 955 1298 vitula,
978 1227 1089 1304 iuquit,
1113 1246 1198 1286 caesa
1212 1226 1411 1286 lustravimus

286 1335 406 1393 gregem
431 1315 690 1386 innumerabilem,
714 1336 795 1376 nunc
819 1336 898 1394 agna
921 1317 1019 1376 solum
1042 1317 1127 1376 vobis
1150 1317 1334 1388 immolatur,
1359 1317 1410 1376 sed

286 1405 362 1464 hanc
384 1424 501 1464 summa
524 1405 682 1464 voluntate
705 1405 886 1465 dedicamus.
934 1404 1067 1465 Observa
1089 1405 1139 1478 sic,
1169 1406 1318 1481 quomodo
1348 1425 1408 1465 uno

286 1497 405 1552 tantum
440 1495 532 1554 verbo
571 1494 785 1553 sententiarum
821 1495 869 1555 hic
903 1495 958 1553 fiat
989 1495 1179 1554 coniunctio:
1216 1516 1233 1554 a
1268 1495 1409 1571 pauperis

183 1591 186 1598 ’
286 1583 461 1658 patrimonii
492 1583 643 1642 mentione
672 1583 801 1642 fortuita
832 1585 869 1642 ad
896 1585 972 1643 hanc
995 1603 1089 1661 agnae
1111 1584 1248 1660 pervenit
1271 1584 1407 1643 immola·

285 1673 407 1731 tionem.
454 1672 568 1732 Deinde
599 1673 712 1748 optime
744 1692 822 1748 quae
855 1676 900 1731 cst
932 1691 980 1732 ars
1012 1673 1076 1732 eius
1103 1693 1162 1732 non
1184 1673 1271 1732 fluvii
1301 1673 1406 1732 similis

286 1761 428 1822 continuo
452 1761 559 1821 itinere
583 1762 719 1820 celeriter
742 1762 937 1834 decurrentis,
965 1762 1016 1821 sed
1039 1762 1124 1822 lacus
1147 1762 1305 1838 tranquilli
1321 1763 1408 1821 cuius

284 1851 368 1926 ripae
391 1851 503 1910 iterum
526 1851 698 1926 iterumque
721 1850 815 1909 isdem
838 1851 997 1909 alluuntur
1019 1852 1118 1922 undis,
1150 1851 1263 1928 optime
1285 1852 1409 1927 inquam

285 1943 446 2016 postquam
476 1939 652 2018 religionem
684 1940 889 2017 pietatemque
920 1959 1007 1999 suam
1036 1940 1204 2013 enarravit,
1238 1941 1301 2000 voti
1324 1941 1408 2000 illius

286 2031 367 2105 quod
399 2047 490 2088 versu
522 2031 606 2088 sexto
638 2026 724 2102 fecit,
759 2031 839 2088 unde
870 2031 936 2090 tota
968 2029 1089 2088 deorum
1119 2029 1220 2089 cultus
1248 2029 1408 2106 descriptio

286 2119 421 2195 profecta
444 2121 503 2189 est,
535 2118 685 2177 reminisci
707 2118 829 2178 videtur
852 2120 940 2193 (vers.
967 2123 1007 2182 25
1032 2121 1109 2194 sq.):
1142 2118 1209 2177 Iam
1238 2119 1325 2177 modo
1348 2119 1407 2177 iam
1468 2143 1471 2150 ·

285 2208 395 2284 possim
435 2212 594 2267 contentus
631 2208 733 2266 vivere
767 2226 860 2283 parvo
902 2207 965 2266 Nec
1002 2226 1118 2283 semper
1150 2207 1256 2286 longae
1289 2208 1408 2267 deditus
1479 2261 1480 2268 ,

285 2315 348 2357 esse
373 2297 448 2355 viae.
489 2297 593 2372 Atque
617 2296 670 2372 qui
693 2315 772 2356 nunc
795 2299 975 2371 sequuntur,
1000 2297 1137 2356 versibus
1160 2297 1301 2356 chordam
1323 2298 1408 2355 illam

286 2406 377 2462 quam
401 2404 491 2446 versu
516 2393 533 2449 5
558 2403 601 2461 sq.
626 2385 734 2444 leviter
764 2385 883 2463 attigit,
919 2386 979 2443 iam
1008 2386 1178 2461 paullulum
1209 2386 1320 2446 fortius
1350 2387 1407 2444 im-

283 2476 372 2552 pellit
396 2477 426 2534 et
448 2475 534 2534 nobis
556 2474 640 2550 quali
657 2474 738 2534 vitae
761 2474 892 2534 rusticae
915 2475 1067 2534 suavitate
1090 2475 1242 2534 alliciatur
1265 2476 1406 2534 ostendit.

259 2563 342 2632 ¹Sed
373 2565 476 2624 statim
506 2583 544 2622 ne
572 2582 659 2623 curas
691 2563 813 2640 quidem
844 2563 991 2641 agricolae
1021 2564 1199 2639 laboresque
1226 2584 1280 2640 per
1313 2564 1407 2624 inter·

228 2645 232 2652 ⁴
283 2654 389 2713 missas
411 2653 586 2712 rusticantis
602 2653 774 2728 voluptates
798 2670 860 2712 sese
883 2652 1016 2712 refutare
1040 2652 1214 2728 profitetur3
1239 2673 1308 2712 nam
1331 2671 1406 2728 opus

284 2747 330 2802 est
352 2744 449 2802 rastro
474 2745 504 2801 et
534 2746 634 2801 aratro
667 2741 763 2801 colere
791 2739 936 2822 agellum,
973 2760 1049 2817 opus
1080 2744 1126 2800 est
1148 2761 1277 2816 parvum
1309 2742 1407 2800 tutari

282 2851 383 2908 pecua.
431 2830 534 2907 Atque
564 2832 712 2890 desertam
743 2850 852 2909 agnam
885 2831 914 2888 in
947 2831 1015 2889 sinu
1038 2830 1148 2889 referet
1171 2833 1276 2905 poeta,
1308 2851 1406 2906 neque

283 2922 349 2996 lupi
370 2921 513 2995 furesque
536 2921 703 2996 quidquam
727 2919 887 2994 arripient,
917 2939 987 2978 cum
1012 2919 1077 2996 ipse
1099 2925 1250 2995 pastorem
1275 2923 1405 2997 quotan-

283 3010 329 3069 nis
352 3009 483 3068 lustrare
507 3009 668 3085 Palemque
691 3009 769 3068 lacte
793 3027 950 3086 aspergere
973 3008 1077 3068 soleat.

375 3098 483 3174 Itaque
505 3103 665 3176 postquam
691 3098 865 3174 explicavit,
897 3117 951 3156 cur
981 3117 1034 3172 per
1063 3100 1160 3157 totam
1183 3097 1279 3156 vitam
1307 3098 1406 3158 nullas

282 3188 355 3248 belli
383 3189 501 3247 labores
532 3207 705 3264 perpessum
733 3205 827 3264 parvo
857 3205 913 3246 suo
954 3187 1132 3262 patrimonio
1170 3205 1201 3246 se
1231 3189 1407 3246 contentum

284 3296 346 3336 esse
377 3296 463 3353 posse
494 3280 628 3355 speraret
652 3312 692 3320 —
718 3296 786 3335 cum
820 3280 850 3335 et
883 3295 971 3354 agros
1003 3277 1113 3336 coleret
1147 3278 1177 3335 et
1213 3281 1407 3336 veneraretur

282 3368 352 3426 deos
381 3401 415 3410 —
443 3366 519 3424 nibil
547 3367 574 3426 ei
606 3366 758 3441 reliquum
787 3371 833 3424 est
862 3365 919 3424 nisi
950 3368 987 3423 ut
1014 3365 1084 3424 deos
1113 3365 1234 3425 invocet
1261 3385 1300 3425 ne
1329 3366 1407 3426 dona

283 3475 338 3515 sua
360 3455 501 3533 religiose
524 3455 678 3533 proposita
702 3458 909 3530 aspernentur.
955 3453 1033 3512 Turn
1063 3455 1174 3513 iterum
1199 3454 1272 3512 satis
1295 3474 1406 3532 magna

282 3545 339 3604 sibi
363 3548 463 3623 segete
486 3547 603 3604 ostensa
626 3544 664 3602 ad
687 3543 875 3604 dulcedinem
907 3545 937 3602 et
970 3542 1183 3601 amoenitatem
1206 3543 1289 3602 vitae
1312 3563 1405 3619 quam

283 3655 300 3693 a
323 3634 403 3693 curis
425 3632 484 3692 illis
507 3632 696 3711 negotiisque
720 3633 841 3691 rusticis
865 3636 896 3692 et
919 3652 936 3690 a
959 3632 1083 3691 deorum
1104 3631 1203 3709 gratia
1219 3631 1277 3690 sibi
1293 3635 1402 3707 sperat,

282 3724 392 3783 mansit
407 3723 637 3782 describendam.
677 3722 766 3781 Nunc
788 3722 918 3797 deniqne
942 3721 1038 3779 otium
1061 3721 1210 3780 rusticum
1232 3739 1291 3779 non
1316 3721 1404 3780 modo

282 3813 453 3884 adumbrat,
478 3812 528 3872 sed
552 3812 634 3871 omni
657 3811 880 3888 pigmentorum
903 3811 976 3869 flore
999 3813 1029 3870 ct
1052 3810 1150 3870 colore
1173 3813 1297 3869 exornat
1313 3812 1402 3884 (vers.

280 3907 319 3966 41
346 3905 426 3978 sec)

371 3991 456 4048 Nihil
478 3991 576 4069 igitur
600 3990 680 4066 quod
703 3989 735 4046 in
758 3988 888 4048 carmine
911 3988 967 4047 hoc
994 3988 1193 4058 offendamus,
1223 3985 1334 4048 habere
1356 3989 1402 4047 vi·

281 4079 405 4153 demur,
438 4080 495 4137 nisi
528 4079 609 4155 quod
638 4079 760 4137 initium
792 4095 897 4136 versus
922 4081 982 4142 35:
1015 4077 1073 4135 Hic
1106 4094 1161 4154 ego
1192 4079 1403 4152 pastoremque

281 4189 383 4228 meum
405 4188 431 4227 e.
457 4190 485 4245 q.
510 4187 553 4245 sq.
577 4168 664 4244 plane
688 4171 734 4227 est
756 4167 975 4241 importunum,
1000 4184 1069 4224 cum
1092 4183 1152 4241 quo
1176 4164 1240 4224 loco
1263 4165 1403 4225 'libellus

281 4261 416 4335 pastores
449 4277 632 4335 gregemque
662 4258 810 4316 lustratos
844 4255 1012 4333 significare
1041 4253 1188 4326 voluerit,
1224 4271 1284 4314 nou
1315 4254 1402 4316 facile

280 4348 485 4425 intellegatur.
522 4345 608 4416 Quod
631 4347 742 4406 vitium
765 4363 825 4404 non
848 4343 939 4404 sicuti
955 4341 1085 4402 Haasius
1109 4341 1234 4416 censuit,
1259 4361 1402 4404 versuum
